101 021000021 1234567892512270945A094101JPMORGAN CHASE BANK  NIFI E2E TEST CORP
5200NIFI E2E TEST   1234567890PPDNIFIE2E   251227   1021000210000001
622026009593NIFI98765432101234560000250000NIFI E2E RECEIVER           0026009590000001
799NIFI E2E ACH TEST 2025-12-27 AUTOMATED TESTING PAYMENT                    0000001
822000000100026009590000000000000000002500001234567890                         0210000210000001
9000001000001000000010002600959000000000000000000250000
9999999999999999999999999999999999999999999999999999999999999999999999999999999999999999999999
9999999999999999999999999999999999999999999999999999999999999999999999999999999999999999999999
9999999999999999999999999999999999999999999999999999999999999999999999999999999999999999999999
9999999999999999999999999999999999999999999999999999999999999999999999999999999999999999999999
