VOL1NIFIE2E                              GPS CDM NiFi E2E Test
HDR1ANIFIE2E                    NIFIE2E               251227
HDR2F0200000100
UHL1 251227999999NIFI E2E SERVICE
0608990012345678000000150000NIFI E2E BENEFIC  NIFI E2E REF 001  08990087654321
0608990023456789000000250000NIFI CREDIT TWO   NIFI E2E REF 002  08990076543210
1717990034567890000000100000NIFI DEBIT ONE    NIFI E2E REF 003  17990065432109
EOF1ANIFIE2E                    NIFIE2E               251227
EOF2F0200000100
UTL1000000030000000500000000000000100000000000000000000003NIFI E2E
