<?xml version="1.0" encoding="UTF-8"?>
<!--
  GPS CDM NiFi E2E Test - Japan BOJ-NET (Bank of Japan Financial Network System)
  Standard: BOJ-NET RTGS
  Format: XML (based on ISO 20022)
-->
<Document xmlns="urn:iso:std:iso:20022:tech:xsd:pacs.008.001.08"
          xmlns:xsi="http://www.w3.org/2001/XMLSchema-instance">
  <FIToFICstmrCdtTrf>
    <GrpHdr>
      <MsgId>BOJNET-NIFI-E2E-20251227-001</MsgId>
      <CreDtTm>2025-12-27T10:00:00+09:00</CreDtTm>
      <NbOfTxs>1</NbOfTxs>
      <TtlIntrBkSttlmAmt Ccy="JPY">100000000</TtlIntrBkSttlmAmt>
      <IntrBkSttlmDt>2025-12-27</IntrBkSttlmDt>
      <SttlmInf>
        <SttlmMtd>CLRG</SttlmMtd>
        <ClrSys>
          <Prtry>BOJNET</Prtry>
        </ClrSys>
      </SttlmInf>
      <InstgAgt>
        <FinInstnId>
          <BICFI>MABORJPJXXX</BICFI>
          <ClrSysMmbId>
            <ClrSysId>
              <Prtry>JPCLR</Prtry>
            </ClrSysId>
            <MmbId>0001</MmbId>
          </ClrSysMmbId>
        </FinInstnId>
      </InstgAgt>
      <InstdAgt>
        <FinInstnId>
          <BICFI>SMBRJPJTXXX</BICFI>
          <ClrSysMmbId>
            <ClrSysId>
              <Prtry>JPCLR</Prtry>
            </ClrSysId>
            <MmbId>0009</MmbId>
          </ClrSysMmbId>
        </FinInstnId>
      </InstdAgt>
    </GrpHdr>

    <CdtTrfTxInf>
      <PmtId>
        <InstrId>BOJNET-INSTR-NIFI-001</InstrId>
        <EndToEndId>BOJNET-E2E-NIFI-20251227-001</EndToEndId>
        <TxId>BOJNET-TXID-NIFI-001</TxId>
        <UETR>bojnet-nifi-e2e-uuid-12345</UETR>
      </PmtId>

      <PmtTpInf>
        <SvcLvl>
          <Prtry>RTGS</Prtry>
        </SvcLvl>
      </PmtTpInf>

      <IntrBkSttlmAmt Ccy="JPY">100000000</IntrBkSttlmAmt>

      <ChrgBr>SHAR</ChrgBr>

      <DbtrAgt>
        <FinInstnId>
          <BICFI>MABORJPJXXX</BICFI>
          <Nm>MUFG Bank Ltd</Nm>
        </FinInstnId>
      </DbtrAgt>

      <Dbtr>
        <Nm>NiFi E2E Test Payer JP</Nm>
        <PstlAdr>
          <StrtNm>1-2-3 Marunouchi</StrtNm>
          <PstCd>100-8388</PstCd>
          <TwnNm>Chiyoda-ku</TwnNm>
          <CtrySubDvsn>Tokyo</CtrySubDvsn>
          <Ctry>JP</Ctry>
        </PstlAdr>
      </Dbtr>

      <DbtrAcct>
        <Id>
          <Othr>
            <Id>NIFIJP1234567</Id>
          </Othr>
        </Id>
      </DbtrAcct>

      <CdtrAgt>
        <FinInstnId>
          <BICFI>SMBRJPJTXXX</BICFI>
          <Nm>Sumitomo Mitsui Banking Corporation</Nm>
        </FinInstnId>
      </CdtrAgt>

      <Cdtr>
        <Nm>NiFi E2E Test Beneficiary JP</Nm>
        <PstlAdr>
          <StrtNm>1-1-2 Yurakucho</StrtNm>
          <PstCd>100-0006</PstCd>
          <TwnNm>Chiyoda-ku</TwnNm>
          <CtrySubDvsn>Tokyo</CtrySubDvsn>
          <Ctry>JP</Ctry>
        </PstlAdr>
      </Cdtr>

      <CdtrAcct>
        <Id>
          <Othr>
            <Id>NIFIJP9876543</Id>
          </Othr>
        </Id>
      </CdtrAcct>

      <RmtInf>
        <Ustrd>NiFi E2E BOJ-NET RTGS Payment Test</Ustrd>
      </RmtInf>
    </CdtTrfTxInf>
  </FIToFICstmrCdtTrf>
</Document>
