<?xml version="1.0" encoding="UTF-8"?>
<!--
  GPS CDM NiFi E2E Test - UK Faster Payments Service (FPS)
  Standard: UK Faster Payments (based on ISO 20022 pacs.008)
  Format: XML
-->
<Document xmlns="urn:iso:std:iso:20022:tech:xsd:pacs.008.001.08"
          xmlns:xsi="http://www.w3.org/2001/XMLSchema-instance">
  <FIToFICstmrCdtTrf>
    <GrpHdr>
      <MsgId>FPS-NIFI-E2E-20251227-001</MsgId>
      <CreDtTm>2025-12-27T10:00:00Z</CreDtTm>
      <NbOfTxs>1</NbOfTxs>
      <TtlIntrBkSttlmAmt Ccy="GBP">500.00</TtlIntrBkSttlmAmt>
      <IntrBkSttlmDt>2025-12-27</IntrBkSttlmDt>
      <SttlmInf>
        <SttlmMtd>CLRG</SttlmMtd>
        <ClrSys>
          <Prtry>FPS</Prtry>
        </ClrSys>
      </SttlmInf>
      <InstgAgt>
        <FinInstnId>
          <BICFI>LOYDGB2LXXX</BICFI>
          <ClrSysMmbId>
            <MmbId>301234</MmbId>
          </ClrSysMmbId>
        </FinInstnId>
      </InstgAgt>
      <InstdAgt>
        <FinInstnId>
          <BICFI>BABORLONXXX</BICFI>
          <ClrSysMmbId>
            <MmbId>205678</MmbId>
          </ClrSysMmbId>
        </FinInstnId>
      </InstdAgt>
    </GrpHdr>

    <CdtTrfTxInf>
      <PmtId>
        <InstrId>FPS-INSTR-NIFI-001</InstrId>
        <EndToEndId>FPS-E2E-NIFI-20251227-001</EndToEndId>
        <TxId>FPS-TXID-NIFI-001</TxId>
        <UETR>fps-nifi-e2e-uuid-12345678</UETR>
      </PmtId>

      <PmtTpInf>
        <SvcLvl>
          <Prtry>FPS</Prtry>
        </SvcLvl>
        <LclInstrm>
          <Prtry>INSTANT</Prtry>
        </LclInstrm>
      </PmtTpInf>

      <IntrBkSttlmAmt Ccy="GBP">500.00</IntrBkSttlmAmt>

      <ChrgBr>SLEV</ChrgBr>

      <DbtrAgt>
        <FinInstnId>
          <BICFI>LOYDGB2LXXX</BICFI>
          <Nm>Lloyds Bank PLC</Nm>
        </FinInstnId>
      </DbtrAgt>

      <Dbtr>
        <Nm>NiFi E2E Test Payer UK</Nm>
        <PstlAdr>
          <StrtNm>100 Test Street</StrtNm>
          <PstCd>EC2V 8AP</PstCd>
          <TwnNm>London</TwnNm>
          <Ctry>GB</Ctry>
        </PstlAdr>
      </Dbtr>

      <DbtrAcct>
        <Id>
          <Othr>
            <Id>12345678</Id>
            <SchmeNm>
              <Prtry>UKAC</Prtry>
            </SchmeNm>
          </Othr>
        </Id>
      </DbtrAcct>

      <CdtrAgt>
        <FinInstnId>
          <BICFI>BABORLONXXX</BICFI>
          <Nm>Barclays Bank UK PLC</Nm>
        </FinInstnId>
      </CdtrAgt>

      <Cdtr>
        <Nm>NiFi E2E Test Beneficiary UK</Nm>
        <PstlAdr>
          <StrtNm>200 Destination Lane</StrtNm>
          <PstCd>M1 2AB</PstCd>
          <TwnNm>Manchester</TwnNm>
          <Ctry>GB</Ctry>
        </PstlAdr>
      </Cdtr>

      <CdtrAcct>
        <Id>
          <Othr>
            <Id>98765432</Id>
            <SchmeNm>
              <Prtry>UKAC</Prtry>
            </SchmeNm>
          </Othr>
        </Id>
      </CdtrAcct>

      <RmtInf>
        <Ustrd>NiFi E2E FPS Instant Payment Test</Ustrd>
      </RmtInf>
    </CdtTrfTxInf>
  </FIToFICstmrCdtTrf>
</Document>
