{1:F01CHASUS33XXXX0000000000}{2:O9401000251227CHASUS33XXXX00000000002512271000N}{3:{108:MT940NIFIE2E001}}{4:
:20:STMT-NIFI-E2E-001
:25:US12345678901234567890
:28C:00001/001
:60F:C251226USD100000,00
:61:2512261226CN50000,00NTRFNIFI-CREDIT-001//REF-NIFI-CREDIT-001
NiFi E2E Credit Transfer
:86:NIFI E2E TEST CREDIT ENTRY FROM PAYER CORP
:61:2512261226DN25000,00NTRFNIFI-DEBIT-001//REF-NIFI-DEBIT-001
NiFi E2E Debit Transfer
:86:NIFI E2E TEST DEBIT ENTRY TO BENEFICIARY CORP
:62F:C251226USD125000,00
:64:C251227USD125000,00
:65:C251228USD125000,00
:86:NIFI E2E MT940 STATEMENT TEST - DAILY ACCOUNT STATEMENT
-}{5:{MAC:00000000}{CHK:MT940NIFI01}}
