<?xml version="1.0" encoding="UTF-8"?>
<Document xmlns="urn:iso:std:iso:20022:tech:xsd:pacs.008.001.10">
  <FIToFICstmrCdtTrf>
    <GrpHdr>
      <MsgId>MSGID20251225033038497</MsgId>
      <CreDtTm>2025-12-25T03:30:38.000Z</CreDtTm>
      <NbOfTxs>1</NbOfTxs>
      <TtlIntrBkSttlmAmt Ccy="EUR">175070.79</TtlIntrBkSttlmAmt>
      <IntrBkSttlmDt>2025-12-25</IntrBkSttlmDt>
      <SttlmInf>
        <SttlmMtd>CLRG</SttlmMtd>
      </SttlmInf>
      <InstgAgt>
        <FinInstnId>
          <BICFI>CITIUS33XXX</BICFI>
        </FinInstnId>
      </InstgAgt>
      <InstdAgt>
        <FinInstnId>
          <BICFI>BOFAUS3NXXX</BICFI>
        </FinInstnId>
      </InstdAgt>
    </GrpHdr>
    <CdtTrfTxInf>
      <PmtId>
        <EndToEndId>E2E8CE37CB726</EndToEndId>
        <TxId>TX1DB4D5B005</TxId>
      </PmtId>
      <IntrBkSttlmAmt Ccy="EUR">175070.79</IntrBkSttlmAmt>
      <ChrgBr>SHAR</ChrgBr>
      <Dbtr>
        <Nm>Lisa Miller</Nm>
      </Dbtr>
      <DbtrAcct>
        <Id>
          <IBAN>DE50923821665651806979</IBAN>
        </Id>
      </DbtrAcct>
      <DbtrAgt>
        <FinInstnId>
          <BICFI>CHASUS33XXX</BICFI>
        </FinInstnId>
      </DbtrAgt>
      <CdtrAgt>
        <FinInstnId>
          <BICFI>CITIUS33XXX</BICFI>
        </FinInstnId>
      </CdtrAgt>
      <Cdtr>
        <Nm>Sarah Jones</Nm>
      </Cdtr>
      <CdtrAcct>
        <Id>
          <IBAN>FR44859715206114682704738MF</IBAN>
        </Id>
      </CdtrAcct>
    </CdtTrfTxInf>
  </FIToFICstmrCdtTrf>
</Document>
