<?xml version="1.0" encoding="UTF-8"?>
<Document xmlns="urn:iso:std:iso:20022:tech:xsd:pacs.008.001.10">
  <FIToFICstmrCdtTrf>
    <GrpHdr>
      <MsgId>MSGID20251225033038808</MsgId>
      <CreDtTm>2025-12-25T03:30:38.000Z</CreDtTm>
      <NbOfTxs>1</NbOfTxs>
      <TtlIntrBkSttlmAmt Ccy="EUR">396776.21</TtlIntrBkSttlmAmt>
      <IntrBkSttlmDt>2025-12-25</IntrBkSttlmDt>
      <SttlmInf>
        <SttlmMtd>CLRG</SttlmMtd>
      </SttlmInf>
      <InstgAgt>
        <FinInstnId>
          <BICFI>CHASUS33XXX</BICFI>
        </FinInstnId>
      </InstgAgt>
      <InstdAgt>
        <FinInstnId>
          <BICFI>BNPAFRPPXXX</BICFI>
        </FinInstnId>
      </InstdAgt>
    </GrpHdr>
    <CdtTrfTxInf>
      <PmtId>
        <EndToEndId>E2E04E65C27E6</EndToEndId>
        <TxId>TXD916DADFED</TxId>
      </PmtId>
      <IntrBkSttlmAmt Ccy="EUR">396776.21</IntrBkSttlmAmt>
      <ChrgBr>SHAR</ChrgBr>
      <Dbtr>
        <Nm>Michael Davis</Nm>
      </Dbtr>
      <DbtrAcct>
        <Id>
          <IBAN>DE91589485898122089900</IBAN>
        </Id>
      </DbtrAcct>
      <DbtrAgt>
        <FinInstnId>
          <BICFI>DEUTDEFFXXX</BICFI>
        </FinInstnId>
      </DbtrAgt>
      <CdtrAgt>
        <FinInstnId>
          <BICFI>BOFAUS3NXXX</BICFI>
        </FinInstnId>
      </CdtrAgt>
      <Cdtr>
        <Nm>Emma Miller</Nm>
      </Cdtr>
      <CdtrAcct>
        <Id>
          <IBAN>FR77570377684765846326774XC</IBAN>
        </Id>
      </CdtrAcct>
    </CdtTrfTxInf>
  </FIToFICstmrCdtTrf>
</Document>
