{1:F01BNPAFRPPAXXX9766371103}{2:I940CITIUS33N}{3:{108:REF7A29FED64812}}{4:
:20:EFE920331EB546C0
:25:DE117036622813457890
:28C:690/336
:60F:C251224AUD472050,86
:61:2512251225C4895,08NTRFREF6817//REF83249
:86:PAYMENT FROM David Brown
:62F:C251225AUD466676,98
:64:C251225AUD466676,98
-}{5:{MAC:00000000}{CHK:717306471547}}