<?xml version="1.0" encoding="UTF-8"?>
<Document xmlns="urn:iso:std:iso:20022:tech:xsd:pain.001.001.11">
  <CstmrCdtTrfInitn>
    <GrpHdr>
      <MsgId>MSGID20251225033038791</MsgId>
      <CreDtTm>2025-12-25T03:30:38.000Z</CreDtTm>
      <NbOfTxs>1</NbOfTxs>
      <CtrlSum>361915.44</CtrlSum>
      <InitgPty>
        <Nm>Omega Partners LLC</Nm>
      </InitgPty>
    </GrpHdr>
    <PmtInf>
      <PmtInfId>PMTINFF6711985</PmtInfId>
      <PmtMtd>TRF</PmtMtd>
      <BtchBookg>true</BtchBookg>
      <NbOfTxs>1</NbOfTxs>
      <CtrlSum>361915.44</CtrlSum>
      <PmtTpInf>
        <SvcLvl>
          <Cd>SEPA</Cd>
        </SvcLvl>
      </PmtTpInf>
      <ReqdExctnDt>
        <Dt>2025-12-18</Dt>
      </ReqdExctnDt>
      <Dbtr>
        <Nm>Sarah Taylor</Nm>
      </Dbtr>
      <DbtrAcct>
        <Id>
          <IBAN>DE62632129668476600166</IBAN>
        </Id>
      </DbtrAcct>
      <DbtrAgt>
        <FinInstnId>
          <BICFI>BNPAFRPPXXX</BICFI>
        </FinInstnId>
      </DbtrAgt>
      <ChrgBr>SLEV</ChrgBr>
      <CdtTrfTxInf>
        <PmtId>
          <EndToEndId>E2E4843AC3B0E</EndToEndId>
        </PmtId>
        <Amt>
          <InstdAmt Ccy="EUR">361915.44</InstdAmt>
        </Amt>
        <CdtrAgt>
          <FinInstnId>
            <BICFI>CHASUS33XXX</BICFI>
          </FinInstnId>
        </CdtrAgt>
        <Cdtr>
          <Nm>Robert Williams</Nm>
        </Cdtr>
        <CdtrAcct>
          <Id>
            <IBAN>FR94626378738537230469855XS</IBAN>
          </Id>
        </CdtrAcct>
        <RmtInf>
          <Ustrd>Invoice 97398</Ustrd>
        </RmtInf>
      </CdtTrfTxInf>
    </PmtInf>
  </CstmrCdtTrfInitn>
</Document>
