<?xml version="1.0" encoding="UTF-8"?>
<Document xmlns="urn:iso:std:iso:20022:tech:xsd:pacs.008.001.10">
  <FIToFICstmrCdtTrf>
    <GrpHdr>
      <MsgId>MSGID20251225033038956</MsgId>
      <CreDtTm>2025-12-25T03:30:38.000Z</CreDtTm>
      <NbOfTxs>1</NbOfTxs>
      <TtlIntrBkSttlmAmt Ccy="EUR">356466.30</TtlIntrBkSttlmAmt>
      <IntrBkSttlmDt>2025-12-24</IntrBkSttlmDt>
      <SttlmInf>
        <SttlmMtd>CLRG</SttlmMtd>
      </SttlmInf>
      <InstgAgt>
        <FinInstnId>
          <BICFI>NABOROJJXXX</BICFI>
        </FinInstnId>
      </InstgAgt>
      <InstdAgt>
        <FinInstnId>
          <BICFI>BNPAFRPPXXX</BICFI>
        </FinInstnId>
      </InstdAgt>
    </GrpHdr>
    <CdtTrfTxInf>
      <PmtId>
        <EndToEndId>E2E3885BA17ED</EndToEndId>
        <TxId>TXC7B2840F6B</TxId>
      </PmtId>
      <IntrBkSttlmAmt Ccy="EUR">356466.30</IntrBkSttlmAmt>
      <ChrgBr>SHAR</ChrgBr>
      <Dbtr>
        <Nm>Sarah Williams</Nm>
      </Dbtr>
      <DbtrAcct>
        <Id>
          <IBAN>DE48178639692679928365</IBAN>
        </Id>
      </DbtrAcct>
      <DbtrAgt>
        <FinInstnId>
          <BICFI>CHASUS33XXX</BICFI>
        </FinInstnId>
      </DbtrAgt>
      <CdtrAgt>
        <FinInstnId>
          <BICFI>ANZBAU3MXXX</BICFI>
        </FinInstnId>
      </CdtrAgt>
      <Cdtr>
        <Nm>James Johnson</Nm>
      </Cdtr>
      <CdtrAcct>
        <Id>
          <IBAN>FR90471987315134984630165HH</IBAN>
        </Id>
      </CdtrAcct>
    </CdtTrfTxInf>
  </FIToFICstmrCdtTrf>
</Document>
