<?xml version="1.0" encoding="UTF-8"?>
<Document xmlns="urn:iso:std:iso:20022:tech:xsd:pacs.008.001.10">
  <FIToFICstmrCdtTrf>
    <GrpHdr>
      <MsgId>MSGID20251225033038336</MsgId>
      <CreDtTm>2025-12-25T03:30:38.000Z</CreDtTm>
      <NbOfTxs>1</NbOfTxs>
      <TtlIntrBkSttlmAmt Ccy="EUR">17250.05</TtlIntrBkSttlmAmt>
      <IntrBkSttlmDt>2025-12-25</IntrBkSttlmDt>
      <SttlmInf>
        <SttlmMtd>CLRG</SttlmMtd>
      </SttlmInf>
      <InstgAgt>
        <FinInstnId>
          <BICFI>CHASUS33XXX</BICFI>
        </FinInstnId>
      </InstgAgt>
      <InstdAgt>
        <FinInstnId>
          <BICFI>ANZBAU3MXXX</BICFI>
        </FinInstnId>
      </InstdAgt>
    </GrpHdr>
    <CdtTrfTxInf>
      <PmtId>
        <EndToEndId>E2E6AF70AD1D0</EndToEndId>
        <TxId>TXFD2BC6C9EB</TxId>
      </PmtId>
      <IntrBkSttlmAmt Ccy="EUR">17250.05</IntrBkSttlmAmt>
      <ChrgBr>SHAR</ChrgBr>
      <Dbtr>
        <Nm>Michael Davis</Nm>
      </Dbtr>
      <DbtrAcct>
        <Id>
          <IBAN>DE42636903272849558646</IBAN>
        </Id>
      </DbtrAcct>
      <DbtrAgt>
        <FinInstnId>
          <BICFI>CITIUS33XXX</BICFI>
        </FinInstnId>
      </DbtrAgt>
      <CdtrAgt>
        <FinInstnId>
          <BICFI>NABOROJJXXX</BICFI>
        </FinInstnId>
      </CdtrAgt>
      <Cdtr>
        <Nm>John Miller</Nm>
      </Cdtr>
      <CdtrAcct>
        <Id>
          <IBAN>FR22197463295634249423399XB</IBAN>
        </Id>
      </CdtrAcct>
    </CdtTrfTxInf>
  </FIToFICstmrCdtTrf>
</Document>
