<?xml version="1.0" encoding="UTF-8"?>
<Document xmlns="urn:iso:std:iso:20022:tech:xsd:pain.001.001.11">
  <CstmrCdtTrfInitn>
    <GrpHdr>
      <MsgId>MSGID20251225033038995</MsgId>
      <CreDtTm>2025-12-25T03:30:38.000Z</CreDtTm>
      <NbOfTxs>1</NbOfTxs>
      <CtrlSum>427025.06</CtrlSum>
      <InitgPty>
        <Nm>Alpha Trading Co</Nm>
      </InitgPty>
    </GrpHdr>
    <PmtInf>
      <PmtInfId>PMTINFBC076A14</PmtInfId>
      <PmtMtd>TRF</PmtMtd>
      <BtchBookg>true</BtchBookg>
      <NbOfTxs>1</NbOfTxs>
      <CtrlSum>427025.06</CtrlSum>
      <PmtTpInf>
        <SvcLvl>
          <Cd>SEPA</Cd>
        </SvcLvl>
      </PmtTpInf>
      <ReqdExctnDt>
        <Dt>2025-12-21</Dt>
      </ReqdExctnDt>
      <Dbtr>
        <Nm>Michael Jones</Nm>
      </Dbtr>
      <DbtrAcct>
        <Id>
          <IBAN>DE61361836021608727290</IBAN>
        </Id>
      </DbtrAcct>
      <DbtrAgt>
        <FinInstnId>
          <BICFI>BOFAUS3NXXX</BICFI>
        </FinInstnId>
      </DbtrAgt>
      <ChrgBr>SLEV</ChrgBr>
      <CdtTrfTxInf>
        <PmtId>
          <EndToEndId>E2E7DA32E3FF9</EndToEndId>
        </PmtId>
        <Amt>
          <InstdAmt Ccy="EUR">427025.06</InstdAmt>
        </Amt>
        <CdtrAgt>
          <FinInstnId>
            <BICFI>ANZBAU3MXXX</BICFI>
          </FinInstnId>
        </CdtrAgt>
        <Cdtr>
          <Nm>Robert Johnson</Nm>
        </Cdtr>
        <CdtrAcct>
          <Id>
            <IBAN>FR60355108465398300623048BI</IBAN>
          </Id>
        </CdtrAcct>
        <RmtInf>
          <Ustrd>Invoice 98283</Ustrd>
        </RmtInf>
      </CdtTrfTxInf>
    </PmtInf>
  </CstmrCdtTrfInitn>
</Document>
