101 021000089 1234567892601061530A094101CITIBANK NA            TECHGLOBAL INDUSTRIES  CCD-CR-E2E
5200TECHGLOBAL IN   VENDOR PAYMENT Q1   1234567890CCDVENDORPMT 260106260106   1021000890000001
6220210000217890123456789012 0015000000VEND001234     GLOBAL SUPPLY CHAIN LLC 1021000890000001
6220210000218901234567890123 0012500000VEND002345     PREMIUM MFG CORP        1021000890000002
705GLOBAL SUPPLY CHAIN PARTNERS LLC                                           0000001
705500 COMMERCE DRIVE BLDG B  NEWARK              NJ071020000002              0000001
822000000200042000021000000000000000275000001234567890                         021000890000001
9000001000001000000020004200002100000000000000027500000
