101 021000089 1234567892601061530A094101CITIBANK NA            TECHGLOBAL INDUSTRIES  PAYROLL
5200TECHGLOBAL IN   PAYROLL JAN 2026    1234567890PPDPAYROLL   260106260106   1021000890000001
6220210000211234567890123456 0000750000EMP0001234     JOHN A SMITH            1021000890000001
820000000100021000021000000000000000007500001234567890                         021000890000001
9000001000001000000010002100002100000000000000000750000
