101 021000089 1234567892601061530A094101CITIBANK NA            TECHGLOBAL INDUSTRIES  PAYROLL
5200TECHGLOBAL IN   PAYROLL JAN 2026    1234567890PPDPAYROLL   260106260106   1021000890000001
6220210000211234567890123456 0000750000EMP0001234     JOHN A SMITH            1021000890000001
6220210000212345678901234567 0000650000EMP0002345     SARAH M JOHNSON         1021000890000002
6220210000213456789012345678 0000550000EMP0003456     MICHAEL B WILLIAMS      1021000890000003
6220210000214567890123456789 0000850000EMP0004567     JENNIFER L DAVIS        1021000890000004
6220210000215678901234567890 0000450000EMP0005678     ROBERT C MILLER         1021000890000005
705TECHGLOBAL INDUSTRIES INC  1000 TECHNOLOGY BLVD    MOUNTAIN VIEW   CA940430000001
820000000600126000105000000000000000032500001234567890                         021000890000001
5220TECHGLOBAL IN   VENDOR PAYMENT Q1   1234567890CCDVENDORPMT 260106260106   1021000890000002
6220210000217890123456789012 0015000000VEND001234     GLOBAL SUPPLY CHAIN LLC 1021000890000001
6220210000218901234567890123 0012500000VEND002345     PREMIUM MFG CORP        1021000890000002
705GLOBAL SUPPLY CHAIN PARTNERS LLC                                           0000002
705500 COMMERCE DRIVE BLDG B  NEWARK              NJ071020000002              0000002
822000000200042000021000000000000000275000001234567890                         021000890000002
9000002000002000000080016800012600000000000000030750000
