101 091000019 1234567892601061234A094101FIRST NATIONAL BANK    ACME CORPORATION       E2EACHV2
5200ACME CORP       PAYROLL TEST        1234567890PPDPAYROLL   260106260106   1091000010000001
62209100001912345678901234   0000150000EMP00123       JANE DOE                0091000010000001
820000000100091000010000000000000000001500001234567890                         091000010000001
9000001000001000000010009100001000000000000000000150000                                       
