VOL1BACS01CREDIT2026010600001
HDR1ABACS01    CRBACS20260106
UHL1 20000002601060000003BACS CREDIT PAYMENTS
9920000012345678900000175000009876543210E2E CREDITOR COMPANY LTDE2E-CR-001   0120000012345678PAYING CORPORATION LTD
9920000023456789010000225000018765432109SUPPLIER SERVICES LTD   E2E-CR-002   0130000023456789MAIN STREET INDUSTRIES
9920000034567890120000095000027654321098CONTRACTOR SOLUTIONS LTDE2E-CR-003   0140000034567890ENTERPRISE SYSTEMS UK
EOF1ABACS01    CRBACS20260106
UTL10000030000004950000000000002601060001
