VOL1BACS01E2E2026010600001
HDR1ABACS01    E2EBACS20260106
UHL1 20000002601060000005BACS PAYMENT SERVICES
1720000012345678900000175000009876543210E2E BACS CREDITOR LTD   E2E-BACS-001 0120000012345678LONDON FINANCIAL SERVICES
1720000023456789010000125000018765432109MANCHESTER ENG SOL LTD E2E-BACS-002 0130000023456789ACME MANUFACTURING GMBH
1720000034567890120000095000027654321098EDINBURGH PROPERTY MGT E2E-BACS-003 0140000034567890EUROTECH SOLUTIONS SARL
1720000045678901230000065000036543210987BIRMINGHAM TECH CORP   E2E-BACS-004 0150000045678901GLOBAL SUPPLY CHAIN LLC
1720000056789012340000085000045432109876GLASGOW SERVICES LTD   E2E-BACS-005 0160000056789012PREMIUM MFG CORPORATION
EOF1ABACS01    E2EBACS20260106
UTL10000050000005450000000000002601060001
