VOL1BACS01DEBIT2026010600001
HDR1ABACS01    DDBACS20260106
UHL1 20000002601060000003BACS DIRECT DEBIT
0120000012345678900000089000009876543210INSURANCE PREMIUM       E2E-DD-001   0120000012345678PREMIUM INSURANCE LTD
0120000023456789010000125000018765432109MONTHLY SUBSCRIPTION    E2E-DD-002   0130000023456789STREAMING SERVICES UK
0120000034567890120000045000027654321098GYM MEMBERSHIP          E2E-DD-003   0140000034567890FITNESS CLUBS LTD
EOF1ABACS01    DDBACS20260106
UTL10000030000002590000000000002601060001
