<?xml version="1.0" encoding="UTF-8"?>
<Document xmlns="urn:iso:std:iso:20022:tech:xsd:pacs.008.001.08">
  <FIToFICstmrCdtTrf>
    <GrpHdr>
      <MsgId>FEDNOW-E2E-20260106-001</MsgId>
      <CreDtTm>2026-01-06T16:45:00-05:00</CreDtTm>
      <NbOfTxs>1</NbOfTxs>
      <TtlIntrBkSttlmAmt Ccy="USD">8500.00</TtlIntrBkSttlmAmt>
      <IntrBkSttlmDt>2026-01-06</IntrBkSttlmDt>
      <SttlmInf>
        <SttlmMtd>CLRG</SttlmMtd>
        <ClrSys>
          <Cd>FDN</Cd>
        </ClrSys>
      </SttlmInf>
      <InstgAgt>
        <FinInstnId>
          <BICFI>BOFAUS3NXXX</BICFI>
          <ClrSysMmbId>
            <ClrSysId><Cd>USABA</Cd></ClrSysId>
            <MmbId>026009593</MmbId>
          </ClrSysMmbId>
          <Nm>Bank of America N.A.</Nm>
          <PstlAdr>
            <StrtNm>100 N Tryon Street</StrtNm>
            <PstCd>28255</PstCd>
            <TwnNm>Charlotte</TwnNm>
            <CtrySubDvsn>NC</CtrySubDvsn>
            <Ctry>US</Ctry>
          </PstlAdr>
        </FinInstnId>
      </InstgAgt>
      <InstdAgt>
        <FinInstnId>
          <BICFI>WFBIUS6SXXX</BICFI>
          <ClrSysMmbId>
            <ClrSysId><Cd>USABA</Cd></ClrSysId>
            <MmbId>121042882</MmbId>
          </ClrSysMmbId>
          <Nm>Wells Fargo Bank N.A.</Nm>
          <PstlAdr>
            <StrtNm>420 Montgomery Street</StrtNm>
            <PstCd>94163</PstCd>
            <TwnNm>San Francisco</TwnNm>
            <CtrySubDvsn>CA</CtrySubDvsn>
            <Ctry>US</Ctry>
          </PstlAdr>
        </FinInstnId>
      </InstdAgt>
    </GrpHdr>
    <CdtTrfTxInf>
      <PmtId>
        <InstrId>FEDNOW-INSTR-20260106-001</InstrId>
        <EndToEndId>E2E-FEDNOW-20260106-001</EndToEndId>
        <TxId>TXN-FEDNOW-20260106-001</TxId>
        <UETR>e5f6a7b8-c9d0-1234-ef01-567890123456</UETR>
      </PmtId>
      <PmtTpInf>
        <InstrPrty>HIGH</InstrPrty>
        <SvcLvl><Prtry>SDVA</Prtry></SvcLvl>
        <LclInstrm><Prtry>INST</Prtry></LclInstrm>
        <CtgyPurp><Cd>SALA</Cd></CtgyPurp>
      </PmtTpInf>
      <IntrBkSttlmAmt Ccy="USD">8500.00</IntrBkSttlmAmt>
      <IntrBkSttlmDt>2026-01-06</IntrBkSttlmDt>
      <SttlmPrty>NORM</SttlmPrty>
      <AccptncDtTm>2026-01-06T16:45:00-05:00</AccptncDtTm>
      <ChrgBr>SLEV</ChrgBr>
      <Dbtr>
        <Nm>Carolina Tech Startup Inc</Nm>
        <PstlAdr>
          <StrtNm>456 Innovation Drive</StrtNm>
          <BldgNb>Suite 300</BldgNb>
          <PstCd>27560</PstCd>
          <TwnNm>Morrisville</TwnNm>
          <CtrySubDvsn>NC</CtrySubDvsn>
          <Ctry>US</Ctry>
        </PstlAdr>
        <Id>
          <OrgId>
            <LEI>549300SAMPLE1LEI001</LEI>
            <Othr>
              <Id>56-7891234</Id>
              <SchmeNm><Cd>TXID</Cd></SchmeNm>
            </Othr>
          </OrgId>
        </Id>
        <CtctDtls>
          <Nm>Amanda Foster</Nm>
          <PhneNb>+1 919 555 1234</PhneNb>
          <EmailAdr>payroll@carolinatech.com</EmailAdr>
        </CtctDtls>
      </Dbtr>
      <DbtrAcct>
        <Id><Othr><Id>026009593123456789</Id></Othr></Id>
        <Tp><Cd>CACC</Cd></Tp>
        <Ccy>USD</Ccy>
        <Nm>Carolina Tech Payroll Account</Nm>
      </DbtrAcct>
      <DbtrAgt>
        <FinInstnId>
          <BICFI>BOFAUS3NXXX</BICFI>
          <ClrSysMmbId>
            <ClrSysId><Cd>USABA</Cd></ClrSysId>
            <MmbId>026009593</MmbId>
          </ClrSysMmbId>
          <Nm>Bank of America N.A.</Nm>
          <PstlAdr>
            <StrtNm>100 N Tryon Street</StrtNm>
            <PstCd>28255</PstCd>
            <TwnNm>Charlotte</TwnNm>
            <CtrySubDvsn>NC</CtrySubDvsn>
            <Ctry>US</Ctry>
          </PstlAdr>
        </FinInstnId>
      </DbtrAgt>
      <CdtrAgt>
        <FinInstnId>
          <BICFI>WFBIUS6SXXX</BICFI>
          <ClrSysMmbId>
            <ClrSysId><Cd>USABA</Cd></ClrSysId>
            <MmbId>121042882</MmbId>
          </ClrSysMmbId>
          <Nm>Wells Fargo Bank N.A.</Nm>
          <PstlAdr>
            <StrtNm>420 Montgomery Street</StrtNm>
            <PstCd>94163</PstCd>
            <TwnNm>San Francisco</TwnNm>
            <CtrySubDvsn>CA</CtrySubDvsn>
            <Ctry>US</Ctry>
          </PstlAdr>
        </FinInstnId>
      </CdtrAgt>
      <Cdtr>
        <Nm>Robert James Anderson</Nm>
        <PstlAdr>
          <StrtNm>789 Pacific Heights Boulevard</StrtNm>
          <BldgNb>Apt 12B</BldgNb>
          <PstCd>94115</PstCd>
          <TwnNm>San Francisco</TwnNm>
          <CtrySubDvsn>CA</CtrySubDvsn>
          <Ctry>US</Ctry>
        </PstlAdr>
        <Id>
          <PrvtId>
            <Othr>
              <Id>***-**-6789</Id>
              <SchmeNm><Cd>SOSE</Cd></SchmeNm>
            </Othr>
          </PrvtId>
        </Id>
        <CtctDtls>
          <PhneNb>+1 415 555 9876</PhneNb>
          <EmailAdr>robert.anderson@email.com</EmailAdr>
        </CtctDtls>
      </Cdtr>
      <CdtrAcct>
        <Id><Othr><Id>121042882987654321</Id></Othr></Id>
        <Tp><Cd>SVGS</Cd></Tp>
        <Ccy>USD</Ccy>
        <Nm>Robert Anderson Savings</Nm>
      </CdtrAcct>
      <Purp><Cd>SALA</Cd></Purp>
      <RmtInf>
        <Strd>
          <RfrdDocInf>
            <Tp><CdOrPrtry><Cd>CINV</Cd></CdOrPrtry></Tp>
            <Nb>PAYROLL-2026-01-001</Nb>
            <RltdDt>2026-01-06</RltdDt>
          </RfrdDocInf>
        </Strd>
        <Ustrd>FedNow Instant Payment - January 2026 Salary Deposit - Employee ID EMP-00456</Ustrd>
      </RmtInf>
    </CdtTrfTxInf>
  </FIToFICstmrCdtTrf>
</Document>
