<?xml version="1.0" encoding="UTF-8"?>
<Document xmlns="urn:iso:std:iso:20022:tech:xsd:pacs.008.001.08">
  <FIToFICstmrCdtTrf>
    <GrpHdr>
      <MsgId>FEDWIRE-E2E-20260106-001</MsgId>
      <CreDtTm>2026-01-06T09:30:00Z</CreDtTm>
      <NbOfTxs>1</NbOfTxs>
      <TtlIntrBkSttlmAmt Ccy="USD">250000.00</TtlIntrBkSttlmAmt>
      <IntrBkSttlmDt>2026-01-06</IntrBkSttlmDt>
      <SttlmInf>
        <SttlmMtd>CLRG</SttlmMtd>
        <ClrSys>
          <Cd>USABA</Cd>
        </ClrSys>
      </SttlmInf>
      <InstgAgt>
        <FinInstnId>
          <BICFI>CITIUS33XXX</BICFI>
          <ClrSysMmbId>
            <ClrSysId><Cd>USABA</Cd></ClrSysId>
            <MmbId>021000089</MmbId>
          </ClrSysMmbId>
          <Nm>Citibank NA</Nm>
          <PstlAdr>
            <StrtNm>388 Greenwich Street</StrtNm>
            <PstCd>10013</PstCd>
            <TwnNm>New York</TwnNm>
            <CtrySubDvsn>NY</CtrySubDvsn>
            <Ctry>US</Ctry>
          </PstlAdr>
        </FinInstnId>
      </InstgAgt>
      <InstdAgt>
        <FinInstnId>
          <BICFI>CHASUS33XXX</BICFI>
          <ClrSysMmbId>
            <ClrSysId><Cd>USABA</Cd></ClrSysId>
            <MmbId>021000021</MmbId>
          </ClrSysMmbId>
          <Nm>JPMorgan Chase Bank NA</Nm>
          <PstlAdr>
            <StrtNm>270 Park Avenue</StrtNm>
            <PstCd>10017</PstCd>
            <TwnNm>New York</TwnNm>
            <CtrySubDvsn>NY</CtrySubDvsn>
            <Ctry>US</Ctry>
          </PstlAdr>
        </FinInstnId>
      </InstdAgt>
    </GrpHdr>
    <CdtTrfTxInf>
      <PmtId>
        <InstrId>FEDWIRE-INSTR-20260106-001</InstrId>
        <EndToEndId>E2E-FEDWIRE-20260106-001</EndToEndId>
        <TxId>TXN-FEDWIRE-20260106-001</TxId>
        <UETR>a1b2c3d4-e5f6-7890-abcd-ef1234567890</UETR>
      </PmtId>
      <PmtTpInf>
        <InstrPrty>HIGH</InstrPrty>
        <SvcLvl><Cd>URGP</Cd></SvcLvl>
        <LclInstrm><Prtry>CTR</Prtry></LclInstrm>
        <CtgyPurp><Cd>SUPP</Cd></CtgyPurp>
      </PmtTpInf>
      <IntrBkSttlmAmt Ccy="USD">250000.00</IntrBkSttlmAmt>
      <IntrBkSttlmDt>2026-01-06</IntrBkSttlmDt>
      <SttlmPrty>URGT</SttlmPrty>
      <AccptncDtTm>2026-01-06T09:30:00Z</AccptncDtTm>
      <ChrgBr>SHAR</ChrgBr>
      <Dbtr>
        <Nm>TechGlobal Industries Inc</Nm>
        <PstlAdr>
          <StrtNm>1000 Technology Boulevard</StrtNm>
          <BldgNb>Suite 500</BldgNb>
          <PstCd>94043</PstCd>
          <TwnNm>Mountain View</TwnNm>
          <CtrySubDvsn>CA</CtrySubDvsn>
          <Ctry>US</Ctry>
        </PstlAdr>
        <Id>
          <OrgId>
            <LEI>549300MLUDYVRQOOXS22</LEI>
            <Othr>
              <Id>94-1234567</Id>
              <SchmeNm><Cd>TXID</Cd></SchmeNm>
              <Issr>IRS</Issr>
            </Othr>
          </OrgId>
        </Id>
      </Dbtr>
      <DbtrAcct>
        <Id><Othr><Id>123456789012</Id><SchmeNm><Cd>BBAN</Cd></SchmeNm></Othr></Id>
        <Tp><Cd>CACC</Cd></Tp>
        <Ccy>USD</Ccy>
        <Nm>TechGlobal Treasury Account</Nm>
      </DbtrAcct>
      <DbtrAgt>
        <FinInstnId>
          <BICFI>CITIUS33XXX</BICFI>
          <ClrSysMmbId>
            <ClrSysId><Cd>USABA</Cd></ClrSysId>
            <MmbId>021000089</MmbId>
          </ClrSysMmbId>
          <Nm>Citibank NA</Nm>
          <PstlAdr>
            <StrtNm>388 Greenwich Street</StrtNm>
            <PstCd>10013</PstCd>
            <TwnNm>New York</TwnNm>
            <CtrySubDvsn>NY</CtrySubDvsn>
            <Ctry>US</Ctry>
          </PstlAdr>
        </FinInstnId>
      </DbtrAgt>
      <CdtrAgt>
        <FinInstnId>
          <BICFI>CHASUS33XXX</BICFI>
          <ClrSysMmbId>
            <ClrSysId><Cd>USABA</Cd></ClrSysId>
            <MmbId>021000021</MmbId>
          </ClrSysMmbId>
          <Nm>JPMorgan Chase Bank NA</Nm>
          <PstlAdr>
            <StrtNm>270 Park Avenue</StrtNm>
            <PstCd>10017</PstCd>
            <TwnNm>New York</TwnNm>
            <CtrySubDvsn>NY</CtrySubDvsn>
            <Ctry>US</Ctry>
          </PstlAdr>
        </FinInstnId>
      </CdtrAgt>
      <Cdtr>
        <Nm>Global Supply Chain Partners LLC</Nm>
        <PstlAdr>
          <StrtNm>500 Commerce Drive</StrtNm>
          <BldgNb>Building B</BldgNb>
          <PstCd>07102</PstCd>
          <TwnNm>Newark</TwnNm>
          <CtrySubDvsn>NJ</CtrySubDvsn>
          <Ctry>US</Ctry>
        </PstlAdr>
        <Id>
          <OrgId>
            <LEI>549300GLOBALSCPXYZ99</LEI>
            <Othr>
              <Id>22-9876543</Id>
              <SchmeNm><Cd>TXID</Cd></SchmeNm>
              <Issr>IRS</Issr>
            </Othr>
          </OrgId>
        </Id>
      </Cdtr>
      <CdtrAcct>
        <Id><Othr><Id>987654321098</Id><SchmeNm><Cd>BBAN</Cd></SchmeNm></Othr></Id>
        <Tp><Cd>CACC</Cd></Tp>
        <Ccy>USD</Ccy>
        <Nm>Global SCP Receivables</Nm>
      </CdtrAcct>
      <Purp><Cd>SUPP</Cd></Purp>
      <RmtInf>
        <Strd>
          <RfrdDocInf>
            <Tp><CdOrPrtry><Cd>CINV</Cd></CdOrPrtry></Tp>
            <Nb>PO-2026-00567</Nb>
            <RltdDt>2025-12-20</RltdDt>
          </RfrdDocInf>
          <RfrdDocAmt>
            <DuePyblAmt Ccy="USD">250000.00</DuePyblAmt>
          </RfrdDocAmt>
        </Strd>
        <Ustrd>INV:PO-2026-00567/PYMT FOR Q1 INVENTORY REPLENISHMENT</Ustrd>
      </RmtInf>
    </CdtTrfTxInf>
  </FIToFICstmrCdtTrf>
</Document>
