<?xml version="1.0" encoding="UTF-8"?>
<Document xmlns="urn:iso:std:iso:20022:tech:xsd:pacs.008.001.08">
  <FIToFICstmrCdtTrf>
    <GrpHdr>
      <MsgId>FPS-E2E-20260106-001</MsgId>
      <CreDtTm>2026-01-06T10:30:00Z</CreDtTm>
      <NbOfTxs>1</NbOfTxs>
      <TtlIntrBkSttlmAmt Ccy="GBP">2450.00</TtlIntrBkSttlmAmt>
      <IntrBkSttlmDt>2026-01-06</IntrBkSttlmDt>
      <SttlmInf>
        <SttlmMtd>CLRG</SttlmMtd>
        <ClrSys>
          <Prtry>FPS</Prtry>
        </ClrSys>
      </SttlmInf>
      <InstgAgt>
        <FinInstnId>
          <BICFI>NWBKGB2LXXX</BICFI>
          <ClrSysMmbId>
            <ClrSysId><Cd>GBDSC</Cd></ClrSysId>
            <MmbId>600000</MmbId>
          </ClrSysMmbId>
          <Nm>NatWest Bank PLC</Nm>
          <PstlAdr>
            <StrtNm>250 Bishopsgate</StrtNm>
            <PstCd>EC2M 4AA</PstCd>
            <TwnNm>London</TwnNm>
            <Ctry>GB</Ctry>
          </PstlAdr>
        </FinInstnId>
      </InstgAgt>
      <InstdAgt>
        <FinInstnId>
          <BICFI>HABORUAUXXX</BICFI>
          <ClrSysMmbId>
            <ClrSysId><Cd>GBDSC</Cd></ClrSysId>
            <MmbId>400000</MmbId>
          </ClrSysMmbId>
          <Nm>HSBC UK Bank PLC</Nm>
          <PstlAdr>
            <StrtNm>8 Canada Square</StrtNm>
            <PstCd>E14 5HQ</PstCd>
            <TwnNm>London</TwnNm>
            <Ctry>GB</Ctry>
          </PstlAdr>
        </FinInstnId>
      </InstdAgt>
    </GrpHdr>
    <CdtTrfTxInf>
      <PmtId>
        <InstrId>FPS-INSTR-20260106-001</InstrId>
        <EndToEndId>E2E-FPS-20260106-001</EndToEndId>
        <TxId>TXN-FPS-20260106-001</TxId>
        <UETR>f6a7b8c9-d0e1-2345-f012-678901234567</UETR>
      </PmtId>
      <PmtTpInf>
        <InstrPrty>NORM</InstrPrty>
        <SvcLvl><Prtry>FPSO</Prtry></SvcLvl>
        <LclInstrm><Prtry>FPS</Prtry></LclInstrm>
        <CtgyPurp><Cd>OTHR</Cd></CtgyPurp>
      </PmtTpInf>
      <IntrBkSttlmAmt Ccy="GBP">2450.00</IntrBkSttlmAmt>
      <IntrBkSttlmDt>2026-01-06</IntrBkSttlmDt>
      <AccptncDtTm>2026-01-06T10:30:00Z</AccptncDtTm>
      <ChrgBr>SLEV</ChrgBr>
      <Dbtr>
        <Nm>William Charles Thompson</Nm>
        <PstlAdr>
          <StrtNm>15 Baker Street</StrtNm>
          <BldgNb>Flat 3A</BldgNb>
          <PstCd>NW1 6XE</PstCd>
          <TwnNm>London</TwnNm>
          <Ctry>GB</Ctry>
        </PstlAdr>
        <Id>
          <PrvtId>
            <DtAndPlcOfBirth>
              <BirthDt>1985-03-15</BirthDt>
              <CityOfBirth>Manchester</CityOfBirth>
              <CtryOfBirth>GB</CtryOfBirth>
            </DtAndPlcOfBirth>
          </PrvtId>
        </Id>
        <CtctDtls>
          <PhneNb>+44 7700 900123</PhneNb>
          <EmailAdr>william.thompson@email.co.uk</EmailAdr>
        </CtctDtls>
      </Dbtr>
      <DbtrAcct>
        <Id>
          <Othr>
            <Id>60000011223344</Id>
            <SchmeNm><Cd>BBAN</Cd></SchmeNm>
          </Othr>
        </Id>
        <Tp><Cd>CACC</Cd></Tp>
        <Ccy>GBP</Ccy>
        <Nm>William Thompson Current Account</Nm>
      </DbtrAcct>
      <DbtrAgt>
        <FinInstnId>
          <BICFI>NWBKGB2LXXX</BICFI>
          <ClrSysMmbId>
            <ClrSysId><Cd>GBDSC</Cd></ClrSysId>
            <MmbId>600000</MmbId>
          </ClrSysMmbId>
          <Nm>NatWest Bank PLC</Nm>
          <PstlAdr>
            <StrtNm>250 Bishopsgate</StrtNm>
            <PstCd>EC2M 4AA</PstCd>
            <TwnNm>London</TwnNm>
            <Ctry>GB</Ctry>
          </PstlAdr>
        </FinInstnId>
      </DbtrAgt>
      <CdtrAgt>
        <FinInstnId>
          <BICFI>HABORUAUXXX</BICFI>
          <ClrSysMmbId>
            <ClrSysId><Cd>GBDSC</Cd></ClrSysId>
            <MmbId>400000</MmbId>
          </ClrSysMmbId>
          <Nm>HSBC UK Bank PLC</Nm>
          <PstlAdr>
            <StrtNm>8 Canada Square</StrtNm>
            <PstCd>E14 5HQ</PstCd>
            <TwnNm>London</TwnNm>
            <Ctry>GB</Ctry>
          </PstlAdr>
        </FinInstnId>
      </CdtrAgt>
      <Cdtr>
        <Nm>Edinburgh Property Management Ltd</Nm>
        <PstlAdr>
          <StrtNm>42 George Street</StrtNm>
          <BldgNb>2nd Floor</BldgNb>
          <PstCd>EH2 2LE</PstCd>
          <TwnNm>Edinburgh</TwnNm>
          <Ctry>GB</Ctry>
        </PstlAdr>
        <Id>
          <OrgId>
            <Othr>
              <Id>SC123456</Id>
              <SchmeNm><Cd>COID</Cd></SchmeNm>
              <Issr>Companies House</Issr>
            </Othr>
          </OrgId>
        </Id>
        <CtctDtls>
          <Nm>Property Accounts</Nm>
          <PhneNb>+44 131 555 1234</PhneNb>
          <EmailAdr>accounts@edinburghpm.co.uk</EmailAdr>
        </CtctDtls>
      </Cdtr>
      <CdtrAcct>
        <Id>
          <Othr>
            <Id>40000055667788</Id>
            <SchmeNm><Cd>BBAN</Cd></SchmeNm>
          </Othr>
        </Id>
        <Tp><Cd>CACC</Cd></Tp>
        <Ccy>GBP</Ccy>
        <Nm>Edinburgh PM Rental Receipts</Nm>
      </CdtrAcct>
      <Purp><Cd>RENT</Cd></Purp>
      <RmtInf>
        <Strd>
          <RfrdDocInf>
            <Tp><CdOrPrtry><Cd>CINV</Cd></CdOrPrtry></Tp>
            <Nb>RENT-JAN-2026-15BAKER</Nb>
            <RltdDt>2026-01-01</RltdDt>
          </RfrdDocInf>
          <RfrdDocAmt>
            <DuePyblAmt Ccy="GBP">2450.00</DuePyblAmt>
          </RfrdDocAmt>
        </Strd>
        <Ustrd>FPS Payment - January 2026 Rent 15 Baker Street Flat 3A</Ustrd>
      </RmtInf>
    </CdtTrfTxInf>
  </FIToFICstmrCdtTrf>
</Document>
