<?xml version="1.0" encoding="UTF-8"?>
<Document xmlns="urn:iso:std:iso:20022:tech:xsd:pacs.008.001.08">
  <FIToFICstmrCdtTrf>
    <GrpHdr>
      <MsgId>MEPS-E2E-20260106-001</MsgId>
      <CreDtTm>2026-01-06T10:00:00+08:00</CreDtTm>
      <NbOfTxs>1</NbOfTxs>
      <TtlIntrBkSttlmAmt Ccy="SGD">185000.00</TtlIntrBkSttlmAmt>
      <IntrBkSttlmDt>2026-01-06</IntrBkSttlmDt>
      <SttlmInf>
        <SttlmMtd>CLRG</SttlmMtd>
        <ClrSys>
          <Cd>SGMEPS</Cd>
        </ClrSys>
      </SttlmInf>
      <InstgAgt>
        <FinInstnId>
          <BICFI>DBSSSGSGXXX</BICFI>
          <ClrSysMmbId>
            <ClrSysId><Cd>SGMEPS</Cd></ClrSysId>
            <MmbId>7171</MmbId>
          </ClrSysMmbId>
          <Nm>DBS Bank Ltd</Nm>
          <PstlAdr>
            <StrtNm>12 Marina Boulevard</StrtNm>
            <PstCd>018982</PstCd>
            <TwnNm>Singapore</TwnNm>
            <Ctry>SG</Ctry>
          </PstlAdr>
        </FinInstnId>
      </InstgAgt>
      <InstdAgt>
        <FinInstnId>
          <BICFI>OCBCSGSGXXX</BICFI>
          <ClrSysMmbId>
            <ClrSysId><Cd>SGMEPS</Cd></ClrSysId>
            <MmbId>7339</MmbId>
          </ClrSysMmbId>
          <Nm>Oversea-Chinese Banking Corporation Ltd</Nm>
          <PstlAdr>
            <StrtNm>65 Chulia Street</StrtNm>
            <PstCd>049513</PstCd>
            <TwnNm>Singapore</TwnNm>
            <Ctry>SG</Ctry>
          </PstlAdr>
        </FinInstnId>
      </InstdAgt>
    </GrpHdr>
    <CdtTrfTxInf>
      <PmtId>
        <InstrId>MEPS-INSTR-20260106-001</InstrId>
        <EndToEndId>E2E-MEPS-20260106-001</EndToEndId>
        <TxId>TXN-MEPS-20260106-001</TxId>
        <UETR>b2c3d4e5-f6a7-8901-bcde-f23456789012</UETR>
      </PmtId>
      <PmtTpInf>
        <InstrPrty>HIGH</InstrPrty>
        <SvcLvl><Cd>URGP</Cd></SvcLvl>
        <LclInstrm><Prtry>MEPS</Prtry></LclInstrm>
        <CtgyPurp><Cd>TRAD</Cd></CtgyPurp>
      </PmtTpInf>
      <IntrBkSttlmAmt Ccy="SGD">185000.00</IntrBkSttlmAmt>
      <IntrBkSttlmDt>2026-01-06</IntrBkSttlmDt>
      <SttlmPrty>URGT</SttlmPrty>
      <AccptncDtTm>2026-01-06T10:00:00+08:00</AccptncDtTm>
      <ChrgBr>SHAR</ChrgBr>
      <Dbtr>
        <Nm>Singapore Trading Company Pte Ltd</Nm>
        <PstlAdr>
          <StrtNm>1 Raffles Place</StrtNm>
          <BldgNb>Tower One #45-01</BldgNb>
          <PstCd>048616</PstCd>
          <TwnNm>Singapore</TwnNm>
          <Ctry>SG</Ctry>
        </PstlAdr>
        <Id>
          <OrgId>
            <LEI>549300SGTRADECOMPANY</LEI>
            <Othr>
              <Id>201234567G</Id>
              <SchmeNm><Cd>COID</Cd></SchmeNm>
              <Issr>ACRA</Issr>
            </Othr>
          </OrgId>
        </Id>
      </Dbtr>
      <DbtrAcct>
        <Id><Othr><Id>001-123456-001</Id><SchmeNm><Cd>BBAN</Cd></SchmeNm></Othr></Id>
        <Tp><Cd>CACC</Cd></Tp>
        <Ccy>SGD</Ccy>
        <Nm>SG Trading Operations Account</Nm>
      </DbtrAcct>
      <DbtrAgt>
        <FinInstnId>
          <BICFI>DBSSSGSGXXX</BICFI>
          <ClrSysMmbId>
            <ClrSysId><Cd>SGMEPS</Cd></ClrSysId>
            <MmbId>7171</MmbId>
          </ClrSysMmbId>
          <Nm>DBS Bank Ltd</Nm>
        </FinInstnId>
      </DbtrAgt>
      <CdtrAgt>
        <FinInstnId>
          <BICFI>OCBCSGSGXXX</BICFI>
          <ClrSysMmbId>
            <ClrSysId><Cd>SGMEPS</Cd></ClrSysId>
            <MmbId>7339</MmbId>
          </ClrSysMmbId>
          <Nm>Oversea-Chinese Banking Corporation Ltd</Nm>
        </FinInstnId>
      </CdtrAgt>
      <Cdtr>
        <Nm>Asia Pacific Logistics Holdings Pte Ltd</Nm>
        <PstlAdr>
          <StrtNm>30 Tuas South Avenue 2</StrtNm>
          <PstCd>637544</PstCd>
          <TwnNm>Singapore</TwnNm>
          <Ctry>SG</Ctry>
        </PstlAdr>
        <Id>
          <OrgId>
            <Othr>
              <Id>200987654K</Id>
              <SchmeNm><Cd>COID</Cd></SchmeNm>
              <Issr>ACRA</Issr>
            </Othr>
          </OrgId>
        </Id>
      </Cdtr>
      <CdtrAcct>
        <Id><Othr><Id>501-987654-001</Id><SchmeNm><Cd>BBAN</Cd></SchmeNm></Othr></Id>
        <Tp><Cd>CACC</Cd></Tp>
        <Ccy>SGD</Ccy>
        <Nm>APAC Logistics Receivables</Nm>
      </CdtrAcct>
      <Purp><Cd>TRAD</Cd></Purp>
      <RmtInf>
        <Strd>
          <RfrdDocInf>
            <Tp><CdOrPrtry><Cd>CINV</Cd></CdOrPrtry></Tp>
            <Nb>APAC-INV-2026-001</Nb>
            <RltdDt>2025-12-28</RltdDt>
          </RfrdDocInf>
        </Strd>
        <Ustrd>Logistics Services Payment Q1 2026</Ustrd>
      </RmtInf>
    </CdtTrfTxInf>
  </FIToFICstmrCdtTrf>
</Document>
