{1:F01COBADEFFAXXX0000000000}{2:O9401830260106DEUTDEFFAXXX0000000002601061830N}{4:
:20:MT940-STMT-20260106
:25:DE89370400440532013000EUR
:28C:00001/00001
:60F:C260101EUR1250000,00
:61:2601020102CR50000,00NTRFPACS008-REF-001//E2E-20260102-001
INCOMING WIRE FROM TECHGLOBAL IND
:86:020?00CUSTOMER TRANSFER?20PACS008-REF-001
?21E2E-20260102-001?22TECHGLOBAL INDUSTRIES INC
?231000 TECHNOLOGY BLVD?24MOUNTAIN VIEW CA 94043 US
?30CITIUS33XXX?31123456789012
?32TECHGLOBAL INDUSTRIES INC
:61:2601030103CR125000,00NTRFPAIN001-REF-002//E2E-20260103-001
SEPA CREDIT TRANSFER EUROTECH
:86:020?00SEPA CREDIT TRANSFER?20PAIN001-REF-002
?21E2E-20260103-001?22EUROTECH SOLUTIONS SARL
?23123 AVENUE DES CHAMPS?24PARIS 75008 FR
?30BNPAFRPPXXX?31FR7630004000031234567890143
?32EUROTECH SOLUTIONS SARL
:61:2601040104DR75000,00NTRFOUT-TRF-001//E2E-20260104-001
SUPPLIER PAYMENT GLOBAL SCP
:86:021?00OUTGOING WIRE TRANSFER?20OUT-TRF-001
?21E2E-20260104-001?22GLOBAL SUPPLY CHAIN PARTNERS
?23500 COMMERCE DRIVE?24NEWARK NJ 07102 US
?30CHASUS33XXX?31987654321098
?32GLOBAL SCP LLC
:61:2601050105CR200000,00NTRFINV-COLLECTION//E2E-20260105-001
INVOICE COLLECTION PREMIUM CORP
:86:020?00INVOICE PAYMENT?20INV-2026-00789
?21E2E-20260105-001?22PREMIUM MANUFACTURING CORP
?23789 INDUSTRIAL PARKWAY?24CHICAGO IL 60601 US
?30BOFAUS3NXXX?31567890123456
?32PREMIUM MFG CORP
:61:2601060106DR25000,00NCHGBANK-FEE-JAN//FEE-20260106
MONTHLY ACCOUNT MAINTENANCE FEE
:86:808?00SERVICE CHARGE?20MONTHLY FEE JAN 2026
?21ACCOUNT MAINTENANCE?22WIRE TRANSFER FEES
?23SWIFT MESSAGE FEES?24STATEMENT FEES
:62F:C260106EUR1525000,00
:64:C260106EUR1525000,00
:65:C260107EUR1525000,00
:86:ACCOUNT SUMMARY - JANUARY 2026
OPENING BALANCE: EUR 1,250,000.00
TOTAL CREDITS: 375,000.00 (4 TRANSACTIONS)
TOTAL DEBITS: 100,000.00 (2 TRANSACTIONS)
CLOSING BALANCE: EUR 1,525,000.00
-}
