<?xml version="1.0" encoding="UTF-8"?>
<Document xmlns="urn:iso:std:iso:20022:tech:xsd:pain.001.001.03">
  <CstmrCdtTrfInitn>
    <GrpHdr>
      <MsgId>PAIN001-E2E-TEST-001</MsgId>
      <CreDtTm>2026-01-06T10:00:00</CreDtTm>
      <NbOfTxs>1</NbOfTxs>
      <CtrlSum>5000.00</CtrlSum>
      <InitgPty><Nm>E2E Test Initiator</Nm></InitgPty>
    </GrpHdr>
    <PmtInf>
      <PmtInfId>PMTINF-E2E-001</PmtInfId>
      <PmtMtd>TRF</PmtMtd>
      <NbOfTxs>1</NbOfTxs>
      <CtrlSum>5000.00</CtrlSum>
      <ReqdExctnDt>2026-01-07</ReqdExctnDt>
      <Dbtr><Nm>E2E Test Debtor</Nm></Dbtr>
      <DbtrAcct><Id><IBAN>DE89370400440532013000</IBAN></Id></DbtrAcct>
      <DbtrAgt><FinInstnId><BIC>COBADEFFXXX</BIC></FinInstnId></DbtrAgt>
      <CdtTrfTxInf>
        <PmtId><EndToEndId>E2E-PAIN001-001</EndToEndId></PmtId>
        <Amt><InstdAmt Ccy="EUR">5000.00</InstdAmt></Amt>
        <CdtrAgt><FinInstnId><BIC>DEUTDEFFXXX</BIC></FinInstnId></CdtrAgt>
        <Cdtr><Nm>E2E Test Creditor</Nm></Cdtr>
        <CdtrAcct><Id><IBAN>DE02120300000000202051</IBAN></Id></CdtrAcct>
        <RmtInf><Ustrd>E2E Test Payment pain.001</Ustrd></RmtInf>
      </CdtTrfTxInf>
    </PmtInf>
  </CstmrCdtTrfInitn>
</Document>
