<?xml version="1.0" encoding="UTF-8"?>
<Document xmlns="urn:iso:std:iso:20022:tech:xsd:pain.008.001.02">
  <CstmrDrctDbtInitn>
    <GrpHdr>
      <MsgId>PAIN008-E2E-20260108-001</MsgId>
      <CreDtTm>2026-01-08T09:00:00</CreDtTm>
      <NbOfTxs>1</NbOfTxs>
      <CtrlSum>5000.00</CtrlSum>
      <InitgPty>
        <Nm>Test Creditor Company</Nm>
        <Id>
          <OrgId>
            <Othr>
              <Id>CREDITOR-ID-001</Id>
              <SchmeNm><Cd>CUST</Cd></SchmeNm>
            </Othr>
          </OrgId>
        </Id>
      </InitgPty>
    </GrpHdr>
    <PmtInf>
      <PmtInfId>PMT-DD-20260108-001</PmtInfId>
      <PmtMtd>DD</PmtMtd>
      <BtchBookg>true</BtchBookg>
      <NbOfTxs>1</NbOfTxs>
      <CtrlSum>5000.00</CtrlSum>
      <PmtTpInf>
        <SvcLvl><Cd>SEPA</Cd></SvcLvl>
        <LclInstrm><Cd>CORE</Cd></LclInstrm>
        <SeqTp>RCUR</SeqTp>
      </PmtTpInf>
      <ReqdColltnDt>2026-01-15</ReqdColltnDt>
      <Cdtr>
        <Nm>Test Creditor Company</Nm>
        <PstlAdr>
          <Ctry>DE</Ctry>
          <AdrLine>789 Creditor Boulevard</AdrLine>
          <AdrLine>Berlin 10115</AdrLine>
        </PstlAdr>
      </Cdtr>
      <CdtrAcct>
        <Id><IBAN>DE89370400440532013000</IBAN></Id>
        <Ccy>EUR</Ccy>
      </CdtrAcct>
      <CdtrAgt>
        <FinInstnId>
          <BICFI>COBADEFFXXX</BICFI>
        </FinInstnId>
      </CdtrAgt>
      <CdtrSchmeId>
        <Id>
          <PrvtId>
            <Othr>
              <Id>DE98ZZZ09999999999</Id>
              <SchmeNm><Prtry>SEPA</Prtry></SchmeNm>
            </Othr>
          </PrvtId>
        </Id>
      </CdtrSchmeId>
      <DrctDbtTxInf>
        <PmtId>
          <InstrId>INSTR-DD-001</InstrId>
          <EndToEndId>E2E-DD-20260108-001</EndToEndId>
        </PmtId>
        <InstdAmt Ccy="EUR">5000.00</InstdAmt>
        <ChrgBr>SLEV</ChrgBr>
        <DrctDbtTx>
          <MndtRltdInf>
            <MndtId>MNDT-2025-001</MndtId>
            <DtOfSgntr>2025-01-01</DtOfSgntr>
            <AmdmntInd>false</AmdmntInd>
          </MndtRltdInf>
          <CdtrSchmeId>
            <Id>
              <PrvtId>
                <Othr>
                  <Id>DE98ZZZ09999999999</Id>
                  <SchmeNm><Prtry>SEPA</Prtry></SchmeNm>
                </Othr>
              </PrvtId>
            </Id>
          </CdtrSchmeId>
        </DrctDbtTx>
        <DbtrAgt>
          <FinInstnId>
            <BICFI>DEUTDEFFXXX</BICFI>
          </FinInstnId>
        </DbtrAgt>
        <Dbtr>
          <Nm>Test Debtor Individual</Nm>
          <PstlAdr>
            <Ctry>DE</Ctry>
            <AdrLine>123 Debtor Lane</AdrLine>
            <AdrLine>Hamburg 20095</AdrLine>
          </PstlAdr>
        </Dbtr>
        <DbtrAcct>
          <Id><IBAN>DE02120300000000202051</IBAN></Id>
        </DbtrAcct>
        <UltmtDbtr>
          <Nm>Ultimate Debtor Person</Nm>
        </UltmtDbtr>
        <RmtInf>
          <Ustrd>Monthly subscription payment - January 2026</Ustrd>
        </RmtInf>
      </DrctDbtTxInf>
    </PmtInf>
  </CstmrDrctDbtInitn>
</Document>
