<?xml version="1.0" encoding="UTF-8"?>
<Document xmlns="urn:iso:std:iso:20022:tech:xsd:pacs.008.001.08">
  <FIToFICstmrCdtTrf>
    <GrpHdr>
      <MsgId>RTP-E2E-20260106-001</MsgId>
      <CreDtTm>2026-01-06T10:15:30</CreDtTm>
      <NbOfTxs>1</NbOfTxs>
      <TtlIntrBkSttlmAmt Ccy="USD">15750.00</TtlIntrBkSttlmAmt>
      <IntrBkSttlmDt>2026-01-06</IntrBkSttlmDt>
      <SttlmInf>
        <SttlmMtd>CLRG</SttlmMtd>
        <ClrSys>
          <Prtry>TCH</Prtry>
        </ClrSys>
      </SttlmInf>
      <InstgAgt>
        <FinInstnId>
          <BICFI>CITIUS33XXX</BICFI>
          <ClrSysMmbId>
            <ClrSysId><Cd>USABA</Cd></ClrSysId>
            <MmbId>021000089</MmbId>
          </ClrSysMmbId>
          <Nm>Citibank N.A.</Nm>
          <PstlAdr>
            <StrtNm>388 Greenwich Street</StrtNm>
            <PstCd>10013</PstCd>
            <TwnNm>New York</TwnNm>
            <CtrySubDvsn>NY</CtrySubDvsn>
            <Ctry>US</Ctry>
          </PstlAdr>
        </FinInstnId>
      </InstgAgt>
      <InstdAgt>
        <FinInstnId>
          <BICFI>CHASUS33XXX</BICFI>
          <ClrSysMmbId>
            <ClrSysId><Cd>USABA</Cd></ClrSysId>
            <MmbId>021000021</MmbId>
          </ClrSysMmbId>
          <Nm>JPMorgan Chase Bank N.A.</Nm>
          <PstlAdr>
            <StrtNm>383 Madison Avenue</StrtNm>
            <PstCd>10179</PstCd>
            <TwnNm>New York</TwnNm>
            <CtrySubDvsn>NY</CtrySubDvsn>
            <Ctry>US</Ctry>
          </PstlAdr>
        </FinInstnId>
      </InstdAgt>
    </GrpHdr>
    <CdtTrfTxInf>
      <PmtId>
        <InstrId>RTP-INSTR-20260106-001</InstrId>
        <EndToEndId>E2E-RTP-20260106-001</EndToEndId>
        <TxId>TXN-RTP-20260106-001</TxId>
        <UETR>a1b2c3d4-e5f6-7890-abcd-ef1234567890</UETR>
      </PmtId>
      <PmtTpInf>
        <InstrPrty>HIGH</InstrPrty>
        <SvcLvl><Prtry>SDVA</Prtry></SvcLvl>
        <LclInstrm><Prtry>INSTANT</Prtry></LclInstrm>
        <CtgyPurp><Cd>SUPP</Cd></CtgyPurp>
      </PmtTpInf>
      <IntrBkSttlmAmt Ccy="USD">15750.00</IntrBkSttlmAmt>
      <IntrBkSttlmDt>2026-01-06</IntrBkSttlmDt>
      <SttlmPrty>URGT</SttlmPrty>
      <AccptncDtTm>2026-01-06T10:15:30</AccptncDtTm>
      <ChrgBr>SLEV</ChrgBr>
      <Dbtr>
        <Nm>TechVentures Capital LLC</Nm>
        <PstlAdr>
          <StrtNm>2500 Sand Hill Road</StrtNm>
          <BldgNb>Suite 200</BldgNb>
          <PstCd>94025</PstCd>
          <TwnNm>Menlo Park</TwnNm>
          <CtrySubDvsn>CA</CtrySubDvsn>
          <Ctry>US</Ctry>
        </PstlAdr>
        <Id>
          <OrgId>
            <LEI>549300MLUDYVRQOOXS23</LEI>
            <Othr>
              <Id>45-1234567</Id>
              <SchmeNm><Cd>TXID</Cd></SchmeNm>
            </Othr>
          </OrgId>
        </Id>
        <CtctDtls>
          <Nm>Sarah Chen</Nm>
          <PhneNb>+1 650 555 1234</PhneNb>
          <EmailAdr>treasury@techventures.com</EmailAdr>
        </CtctDtls>
      </Dbtr>
      <DbtrAcct>
        <Id><Othr><Id>4567890123456789</Id></Othr></Id>
        <Tp><Cd>CACC</Cd></Tp>
        <Ccy>USD</Ccy>
        <Nm>TechVentures Operating Account</Nm>
      </DbtrAcct>
      <DbtrAgt>
        <FinInstnId>
          <BICFI>CITIUS33XXX</BICFI>
          <ClrSysMmbId>
            <ClrSysId><Cd>USABA</Cd></ClrSysId>
            <MmbId>021000089</MmbId>
          </ClrSysMmbId>
          <Nm>Citibank N.A.</Nm>
          <PstlAdr>
            <StrtNm>388 Greenwich Street</StrtNm>
            <PstCd>10013</PstCd>
            <TwnNm>New York</TwnNm>
            <CtrySubDvsn>NY</CtrySubDvsn>
            <Ctry>US</Ctry>
          </PstlAdr>
        </FinInstnId>
      </DbtrAgt>
      <CdtrAgt>
        <FinInstnId>
          <BICFI>CHASUS33XXX</BICFI>
          <ClrSysMmbId>
            <ClrSysId><Cd>USABA</Cd></ClrSysId>
            <MmbId>021000021</MmbId>
          </ClrSysMmbId>
          <Nm>JPMorgan Chase Bank N.A.</Nm>
          <PstlAdr>
            <StrtNm>383 Madison Avenue</StrtNm>
            <PstCd>10179</PstCd>
            <TwnNm>New York</TwnNm>
            <CtrySubDvsn>NY</CtrySubDvsn>
            <Ctry>US</Ctry>
          </PstlAdr>
        </FinInstnId>
      </CdtrAgt>
      <Cdtr>
        <Nm>Silicon Valley Software Solutions Inc</Nm>
        <PstlAdr>
          <StrtNm>1600 Amphitheatre Parkway</StrtNm>
          <BldgNb>Building 40</BldgNb>
          <PstCd>94043</PstCd>
          <TwnNm>Mountain View</TwnNm>
          <CtrySubDvsn>CA</CtrySubDvsn>
          <Ctry>US</Ctry>
        </PstlAdr>
        <Id>
          <OrgId>
            <LEI>549300HNOAA1KXQJUQ28</LEI>
            <Othr>
              <Id>77-9876543</Id>
              <SchmeNm><Cd>TXID</Cd></SchmeNm>
            </Othr>
          </OrgId>
        </Id>
        <CtctDtls>
          <Nm>Michael Rodriguez</Nm>
          <PhneNb>+1 650 555 9876</PhneNb>
          <EmailAdr>ap@svsolutions.com</EmailAdr>
        </CtctDtls>
      </Cdtr>
      <CdtrAcct>
        <Id><Othr><Id>7890123456789012</Id></Othr></Id>
        <Tp><Cd>CACC</Cd></Tp>
        <Ccy>USD</Ccy>
        <Nm>SVSS Receivables Account</Nm>
      </CdtrAcct>
      <Purp><Cd>SUPP</Cd></Purp>
      <RmtInf>
        <Strd>
          <RfrdDocInf>
            <Tp><CdOrPrtry><Cd>CINV</Cd></CdOrPrtry></Tp>
            <Nb>INV-SVSS-2026-00456</Nb>
            <RltdDt>2025-12-28</RltdDt>
          </RfrdDocInf>
          <RfrdDocAmt>
            <DuePyblAmt Ccy="USD">15750.00</DuePyblAmt>
          </RfrdDocAmt>
          <CdtrRefInf>
            <Tp><CdOrPrtry><Cd>SCOR</Cd></CdOrPrtry></Tp>
            <Ref>SVSS-PO-2026-00123</Ref>
          </CdtrRefInf>
        </Strd>
        <Ustrd>RTP Payment for Invoice INV-SVSS-2026-00456 - Software License Renewal Q1 2026</Ustrd>
      </RmtInf>
    </CdtTrfTxInf>
  </FIToFICstmrCdtTrf>
</Document>
