<?xml version="1.0" encoding="UTF-8"?>
<Document xmlns="urn:iso:std:iso:20022:tech:xsd:pain.001.001.03">
  <CstmrCdtTrfInitn>
    <GrpHdr>
      <MsgId>SEPA-SCT-E2E-20260106-001</MsgId>
      <CreDtTm>2026-01-06T08:45:00</CreDtTm>
      <NbOfTxs>1</NbOfTxs>
      <CtrlSum>85000.00</CtrlSum>
      <InitgPty>
        <Nm>Eurozone Trading GmbH</Nm>
        <PstlAdr>
          <StrtNm>Handelstrasse</StrtNm>
          <BldgNb>15</BldgNb>
          <PstCd>80331</PstCd>
          <TwnNm>Munich</TwnNm>
          <CtrySubDvsn>Bavaria</CtrySubDvsn>
          <Ctry>DE</Ctry>
        </PstlAdr>
        <Id>
          <OrgId>
            <LEI>529900HNOAA1KXQJUQ27</LEI>
          </OrgId>
        </Id>
      </InitgPty>
    </GrpHdr>
    <PmtInf>
      <PmtInfId>SEPA-PMT-20260106-001</PmtInfId>
      <PmtMtd>TRF</PmtMtd>
      <BtchBookg>false</BtchBookg>
      <NbOfTxs>1</NbOfTxs>
      <CtrlSum>85000.00</CtrlSum>
      <PmtTpInf>
        <InstrPrty>HIGH</InstrPrty>
        <SvcLvl><Cd>SEPA</Cd></SvcLvl>
        <LclInstrm><Cd>INST</Cd></LclInstrm>
        <CtgyPurp><Cd>SUPP</Cd></CtgyPurp>
      </PmtTpInf>
      <ReqdExctnDt>2026-01-06</ReqdExctnDt>
      <Dbtr>
        <Nm>Eurozone Trading GmbH</Nm>
        <PstlAdr>
          <StrtNm>Handelstrasse</StrtNm>
          <BldgNb>15</BldgNb>
          <PstCd>80331</PstCd>
          <TwnNm>Munich</TwnNm>
          <CtrySubDvsn>Bavaria</CtrySubDvsn>
          <Ctry>DE</Ctry>
        </PstlAdr>
        <Id>
          <OrgId>
            <LEI>529900HNOAA1KXQJUQ27</LEI>
            <Othr>
              <Id>DE987654321</Id>
              <SchmeNm><Cd>TXID</Cd></SchmeNm>
            </Othr>
          </OrgId>
        </Id>
        <CtctDtls>
          <Nm>Klaus Weber</Nm>
          <PhneNb>+49 89 1234 5678</PhneNb>
          <EmailAdr>finance@eurozone-trading.de</EmailAdr>
        </CtctDtls>
      </Dbtr>
      <DbtrAcct>
        <Id><IBAN>DE89370400440532013000</IBAN></Id>
        <Tp><Cd>CACC</Cd></Tp>
        <Ccy>EUR</Ccy>
        <Nm>Eurozone Main Account</Nm>
      </DbtrAcct>
      <DbtrAgt>
        <FinInstnId>
          <BICFI>COBADEFFXXX</BICFI>
          <Nm>Commerzbank AG</Nm>
          <PstlAdr>
            <StrtNm>Kaiserplatz</StrtNm>
            <PstCd>60311</PstCd>
            <TwnNm>Frankfurt am Main</TwnNm>
            <Ctry>DE</Ctry>
          </PstlAdr>
        </FinInstnId>
      </DbtrAgt>
      <ChrgBr>SLEV</ChrgBr>
      <CdtTrfTxInf>
        <PmtId>
          <InstrId>SEPA-INSTR-20260106-001</InstrId>
          <EndToEndId>E2E-SEPA-SCT-20260106-001</EndToEndId>
          <UETR>c4d5e6f7-a8b9-0123-cdef-456789012345</UETR>
        </PmtId>
        <Amt>
          <InstdAmt Ccy="EUR">85000.00</InstdAmt>
        </Amt>
        <ChrgBr>SLEV</ChrgBr>
        <CdtrAgt>
          <FinInstnId>
            <BICFI>BNPAFRPPXXX</BICFI>
            <Nm>BNP Paribas SA</Nm>
            <PstlAdr>
              <StrtNm>16 Boulevard des Italiens</StrtNm>
              <PstCd>75009</PstCd>
              <TwnNm>Paris</TwnNm>
              <Ctry>FR</Ctry>
            </PstlAdr>
          </FinInstnId>
        </CdtrAgt>
        <Cdtr>
          <Nm>Marseille Distribution SARL</Nm>
          <PstlAdr>
            <StrtNm>Rue de la Republique</StrtNm>
            <BldgNb>45</BldgNb>
            <PstCd>13001</PstCd>
            <TwnNm>Marseille</TwnNm>
            <CtrySubDvsn>Bouches-du-Rhone</CtrySubDvsn>
            <Ctry>FR</Ctry>
          </PstlAdr>
          <Id>
            <OrgId>
              <LEI>969500M59UZGHEICV994</LEI>
              <Othr>
                <Id>FR98765432101</Id>
                <SchmeNm><Cd>TXID</Cd></SchmeNm>
              </Othr>
            </OrgId>
          </Id>
          <CtctDtls>
            <Nm>Pierre Martin</Nm>
            <PhneNb>+33 4 9123 4567</PhneNb>
            <EmailAdr>comptabilite@marseille-dist.fr</EmailAdr>
          </CtctDtls>
        </Cdtr>
        <CdtrAcct>
          <Id><IBAN>FR7630004000031234567890143</IBAN></Id>
          <Tp><Cd>CACC</Cd></Tp>
          <Ccy>EUR</Ccy>
          <Nm>Marseille Distribution Receivables</Nm>
        </CdtrAcct>
        <Purp><Cd>SUPP</Cd></Purp>
        <RmtInf>
          <Strd>
            <RfrdDocInf>
              <Tp><CdOrPrtry><Cd>CINV</Cd></CdOrPrtry></Tp>
              <Nb>INV-FR-2026-00123</Nb>
              <RltdDt>2025-12-28</RltdDt>
            </RfrdDocInf>
            <RfrdDocAmt>
              <DuePyblAmt Ccy="EUR">85000.00</DuePyblAmt>
            </RfrdDocAmt>
            <CdtrRefInf>
              <Tp><CdOrPrtry><Cd>SCOR</Cd></CdOrPrtry></Tp>
              <Ref>MD-REF-2026-001</Ref>
            </CdtrRefInf>
          </Strd>
          <Ustrd>SEPA Payment for Invoice INV-FR-2026-00123 - Q1 Distribution Services</Ustrd>
        </RmtInf>
      </CdtTrfTxInf>
    </PmtInf>
  </CstmrCdtTrfInitn>
</Document>
