<?xml version="1.0" encoding="UTF-8"?>
<Document xmlns="urn:iso:std:iso:20022:tech:xsd:pacs.009.001.08">
  <FICdtTrf>
    <GrpHdr>
      <MsgId>TARGET2-E2E-20260106-001</MsgId>
      <CreDtTm>2026-01-06T09:30:00</CreDtTm>
      <NbOfTxs>1</NbOfTxs>
      <TtlIntrBkSttlmAmt Ccy="EUR">2500000.00</TtlIntrBkSttlmAmt>
      <IntrBkSttlmDt>2026-01-06</IntrBkSttlmDt>
      <SttlmInf>
        <SttlmMtd>CLRG</SttlmMtd>
        <ClrSys>
          <Cd>TGT</Cd>
        </ClrSys>
      </SttlmInf>
      <InstgAgt>
        <FinInstnId>
          <BICFI>DEUTDEFFXXX</BICFI>
          <LEI>7LTWFZYICNSX8D621K86</LEI>
          <Nm>Deutsche Bank AG</Nm>
          <PstlAdr>
            <StrtNm>Taunusanlage</StrtNm>
            <BldgNb>12</BldgNb>
            <PstCd>60325</PstCd>
            <TwnNm>Frankfurt am Main</TwnNm>
            <Ctry>DE</Ctry>
          </PstlAdr>
        </FinInstnId>
      </InstgAgt>
      <InstdAgt>
        <FinInstnId>
          <BICFI>ABORUAEAXXX</BICFI>
          <LEI>549300KXUVZP5ZC25T08</LEI>
          <Nm>ABN AMRO Bank N.V.</Nm>
          <PstlAdr>
            <StrtNm>Gustav Mahlerlaan</StrtNm>
            <BldgNb>10</BldgNb>
            <PstCd>1082 PP</PstCd>
            <TwnNm>Amsterdam</TwnNm>
            <Ctry>NL</Ctry>
          </PstlAdr>
        </FinInstnId>
      </InstdAgt>
    </GrpHdr>
    <CdtTrfTxInf>
      <PmtId>
        <InstrId>T2-INSTR-20260106-001</InstrId>
        <EndToEndId>E2E-TARGET2-20260106-001</EndToEndId>
        <TxId>TXN-TARGET2-20260106-001</TxId>
        <UETR>b2c3d4e5-f6a7-8901-bcde-f23456789012</UETR>
      </PmtId>
      <PmtTpInf>
        <InstrPrty>HIGH</InstrPrty>
        <SvcLvl><Cd>G001</Cd></SvcLvl>
        <LclInstrm><Prtry>RTGS</Prtry></LclInstrm>
        <CtgyPurp><Cd>INTC</Cd></CtgyPurp>
      </PmtTpInf>
      <IntrBkSttlmAmt Ccy="EUR">2500000.00</IntrBkSttlmAmt>
      <IntrBkSttlmDt>2026-01-06</IntrBkSttlmDt>
      <SttlmPrty>URGT</SttlmPrty>
      <SttlmTmIndctn>
        <DbtDtTm>2026-01-06T09:30:00</DbtDtTm>
        <CdtDtTm>2026-01-06T09:30:00</CdtDtTm>
      </SttlmTmIndctn>
      <SttlmTmReq>
        <CLSTm>18:00:00</CLSTm>
      </SttlmTmReq>
      <Dbtr>
        <FinInstnId>
          <BICFI>DEUTDEFFXXX</BICFI>
          <LEI>7LTWFZYICNSX8D621K86</LEI>
          <Nm>Deutsche Bank AG</Nm>
          <PstlAdr>
            <StrtNm>Taunusanlage</StrtNm>
            <BldgNb>12</BldgNb>
            <PstCd>60325</PstCd>
            <TwnNm>Frankfurt am Main</TwnNm>
            <Ctry>DE</Ctry>
          </PstlAdr>
        </FinInstnId>
      </Dbtr>
      <DbtrAcct>
        <Id><Othr><Id>DEUTDEFFXXX001</Id></Othr></Id>
        <Tp><Cd>CACC</Cd></Tp>
        <Ccy>EUR</Ccy>
        <Nm>Deutsche Bank TARGET2 Main Account</Nm>
      </DbtrAcct>
      <DbtrAgt>
        <FinInstnId>
          <BICFI>MARKDEFFXXX</BICFI>
          <Nm>Deutsche Bundesbank</Nm>
          <PstlAdr>
            <StrtNm>Wilhelm-Epstein-Strasse</StrtNm>
            <BldgNb>14</BldgNb>
            <PstCd>60431</PstCd>
            <TwnNm>Frankfurt am Main</TwnNm>
            <Ctry>DE</Ctry>
          </PstlAdr>
        </FinInstnId>
      </DbtrAgt>
      <CdtrAgt>
        <FinInstnId>
          <BICFI>DNLOMNVXXX</BICFI>
          <Nm>De Nederlandsche Bank</Nm>
          <PstlAdr>
            <StrtNm>Westeinde</StrtNm>
            <BldgNb>1</BldgNb>
            <PstCd>1017 ZN</PstCd>
            <TwnNm>Amsterdam</TwnNm>
            <Ctry>NL</Ctry>
          </PstlAdr>
        </FinInstnId>
      </CdtrAgt>
      <Cdtr>
        <FinInstnId>
          <BICFI>ABNANL2AXXX</BICFI>
          <LEI>549300KXUVZP5ZC25T08</LEI>
          <Nm>ABN AMRO Bank N.V.</Nm>
          <PstlAdr>
            <StrtNm>Gustav Mahlerlaan</StrtNm>
            <BldgNb>10</BldgNb>
            <PstCd>1082 PP</PstCd>
            <TwnNm>Amsterdam</TwnNm>
            <Ctry>NL</Ctry>
          </PstlAdr>
        </FinInstnId>
      </Cdtr>
      <CdtrAcct>
        <Id><Othr><Id>ABNANL2AXXX001</Id></Othr></Id>
        <Tp><Cd>CACC</Cd></Tp>
        <Ccy>EUR</Ccy>
        <Nm>ABN AMRO TARGET2 Main Account</Nm>
      </CdtrAcct>
      <InstrForCdtrAgt>
        <Cd>PHOB</Cd>
        <InstrInf>Advise beneficiary by phone immediately upon receipt</InstrInf>
      </InstrForCdtrAgt>
      <InstrForNxtAgt>
        <Cd>TELB</Cd>
        <InstrInf>Contact treasury department for confirmation</InstrInf>
      </InstrForNxtAgt>
      <RmtInf>
        <Ustrd>TARGET2 Interbank Liquidity Transfer - Treasury Operations January 2026</Ustrd>
      </RmtInf>
    </CdtTrfTxInf>
  </FICdtTrf>
</Document>
