<?xml version="1.0" encoding="UTF-8"?>
<Document xmlns="urn:iso:std:iso:20022:tech:xsd:pain.001.001.03">
  <CstmrCdtTrfInitn>
    <GrpHdr>
      <MsgId>SEPA-BATCH-20251225-001</MsgId>
      <CreDtTm>2025-12-25T10:00:00Z</CreDtTm>
      <NbOfTxs>5</NbOfTxs>
      <CtrlSum>52500.00</CtrlSum>
      <InitgPty>
        <Nm>Euro Trade Solutions GmbH</Nm>
        <Id>
          <OrgId>
            <Othr>
              <Id>DE123456789</Id>
              <SchmeNm>
                <Cd>CUST</Cd>
              </SchmeNm>
            </Othr>
          </OrgId>
        </Id>
      </InitgPty>
    </GrpHdr>
    <PmtInf>
      <PmtInfId>PMTINF-SEPA-001</PmtInfId>
      <PmtMtd>TRF</PmtMtd>
      <BtchBookg>true</BtchBookg>
      <ReqdExctnDt>
        <Dt>2025-12-26</Dt>
      </ReqdExctnDt>
      <PmtTpInf>
        <InstrPrty>NORM</InstrPrty>
        <SvcLvl>
          <Cd>SEPA</Cd>
        </SvcLvl>
        <LclInstrm>
          <Cd>CORE</Cd>
        </LclInstrm>
        <CtgyPurp>
          <Cd>SUPP</Cd>
        </CtgyPurp>
      </PmtTpInf>
      <Dbtr>
        <Nm>Euro Trade Solutions GmbH</Nm>
        <PstlAdr>
          <StrtNm>Hauptstrasse 100</StrtNm>
          <PstCd>10117</PstCd>
          <TwnNm>Berlin</TwnNm>
          <Ctry>DE</Ctry>
        </PstlAdr>
      </Dbtr>
      <DbtrAcct>
        <Id>
          <IBAN>DE89370400440532013000</IBAN>
        </Id>
        <Ccy>EUR</Ccy>
      </DbtrAcct>
      <DbtrAgt>
        <FinInstnId>
          <BICFI>COBADEFFXXX</BICFI>
          <Nm>Commerzbank AG</Nm>
        </FinInstnId>
      </DbtrAgt>
      <ChrgBr>SLEV</ChrgBr>
      <CdtTrfTxInf>
        <PmtId>
          <InstrId>SEPA-INSTR-001</InstrId>
          <EndToEndId>SEPA-E2E-001</EndToEndId>
        </PmtId>
        <Amt>
          <InstdAmt Ccy="EUR">15000.00</InstdAmt>
        </Amt>
        <CdtrAgt>
          <FinInstnId>
            <BICFI>ABOROB2XXXX</BICFI>
            <Nm>ABN AMRO Bank NV</Nm>
          </FinInstnId>
        </CdtrAgt>
        <Cdtr>
          <Nm>Dutch Industrial Supplies BV</Nm>
          <PstlAdr>
            <StrtNm>Keizersgracht 200</StrtNm>
            <PstCd>1016DV</PstCd>
            <TwnNm>Amsterdam</TwnNm>
            <Ctry>NL</Ctry>
          </PstlAdr>
        </Cdtr>
        <CdtrAcct>
          <Id>
            <IBAN>NL91ABNA0417164300</IBAN>
          </Id>
        </CdtrAcct>
        <Purp>
          <Cd>SUPP</Cd>
        </Purp>
        <RmtInf>
          <Ustrd>Invoice INV-2025-NL-001 Industrial equipment</Ustrd>
        </RmtInf>
      </CdtTrfTxInf>
    </PmtInf>
    <PmtInf>
      <PmtInfId>PMTINF-SEPA-002</PmtInfId>
      <PmtMtd>TRF</PmtMtd>
      <BtchBookg>false</BtchBookg>
      <ReqdExctnDt>
        <Dt>2025-12-27</Dt>
      </ReqdExctnDt>
      <PmtTpInf>
        <InstrPrty>HIGH</InstrPrty>
        <SvcLvl>
          <Cd>SEPA</Cd>
        </SvcLvl>
        <LclInstrm>
          <Cd>CORE</Cd>
        </LclInstrm>
        <CtgyPurp>
          <Cd>SERV</Cd>
        </CtgyPurp>
      </PmtTpInf>
      <Dbtr>
        <Nm>French Tech Innovations SARL</Nm>
        <PstlAdr>
          <StrtNm>Avenue des Champs-Elysees 50</StrtNm>
          <PstCd>75008</PstCd>
          <TwnNm>Paris</TwnNm>
          <Ctry>FR</Ctry>
        </PstlAdr>
      </Dbtr>
      <DbtrAcct>
        <Id>
          <IBAN>FR7630006000011234567890189</IBAN>
        </Id>
        <Ccy>EUR</Ccy>
      </DbtrAcct>
      <DbtrAgt>
        <FinInstnId>
          <BICFI>BNPAFRPPXXX</BICFI>
          <Nm>BNP Paribas</Nm>
        </FinInstnId>
      </DbtrAgt>
      <ChrgBr>SLEV</ChrgBr>
      <CdtTrfTxInf>
        <PmtId>
          <InstrId>SEPA-INSTR-002</InstrId>
          <EndToEndId>SEPA-E2E-002</EndToEndId>
        </PmtId>
        <Amt>
          <InstdAmt Ccy="EUR">8750.50</InstdAmt>
        </Amt>
        <CdtrAgt>
          <FinInstnId>
            <BICFI>BABOROB2XXX</BICFI>
            <Nm>Barclays Bank Ireland PLC</Nm>
          </FinInstnId>
        </CdtrAgt>
        <Cdtr>
          <Nm>Irish Software Solutions Ltd</Nm>
          <PstlAdr>
            <StrtNm>Grand Canal Square 10</StrtNm>
            <PstCd>D02 X576</PstCd>
            <TwnNm>Dublin</TwnNm>
            <Ctry>IE</Ctry>
          </PstlAdr>
        </Cdtr>
        <CdtrAcct>
          <Id>
            <IBAN>IE29AIBK93115212345678</IBAN>
          </Id>
        </CdtrAcct>
        <Purp>
          <Cd>SERV</Cd>
        </Purp>
        <RmtInf>
          <Ustrd>Software license renewal SLR-2025-Q4</Ustrd>
        </RmtInf>
      </CdtTrfTxInf>
    </PmtInf>
    <PmtInf>
      <PmtInfId>PMTINF-SEPA-003</PmtInfId>
      <PmtMtd>TRF</PmtMtd>
      <BtchBookg>false</BtchBookg>
      <ReqdExctnDt>
        <Dt>2025-12-28</Dt>
      </ReqdExctnDt>
      <PmtTpInf>
        <InstrPrty>NORM</InstrPrty>
        <SvcLvl>
          <Cd>SEPA</Cd>
        </SvcLvl>
        <LclInstrm>
          <Cd>CORE</Cd>
        </LclInstrm>
        <CtgyPurp>
          <Cd>GDDS</Cd>
        </CtgyPurp>
      </PmtTpInf>
      <Dbtr>
        <Nm>Italian Design House SpA</Nm>
        <PstlAdr>
          <StrtNm>Via Montenapoleone 8</StrtNm>
          <PstCd>20121</PstCd>
          <TwnNm>Milan</TwnNm>
          <Ctry>IT</Ctry>
        </PstlAdr>
      </Dbtr>
      <DbtrAcct>
        <Id>
          <IBAN>IT60X0542811101000000123456</IBAN>
        </Id>
        <Ccy>EUR</Ccy>
      </DbtrAcct>
      <DbtrAgt>
        <FinInstnId>
          <BICFI>BCITITMMXXX</BICFI>
          <Nm>Intesa Sanpaolo SpA</Nm>
        </FinInstnId>
      </DbtrAgt>
      <ChrgBr>SLEV</ChrgBr>
      <CdtTrfTxInf>
        <PmtId>
          <InstrId>SEPA-INSTR-003</InstrId>
          <EndToEndId>SEPA-E2E-003</EndToEndId>
        </PmtId>
        <Amt>
          <InstdAmt Ccy="EUR">12500.00</InstdAmt>
        </Amt>
        <CdtrAgt>
          <FinInstnId>
            <BICFI>DEUTDESSXXX</BICFI>
            <Nm>Deutsche Bank AG Stuttgart</Nm>
          </FinInstnId>
        </CdtrAgt>
        <Cdtr>
          <Nm>German Fashion Retail GmbH</Nm>
          <PstlAdr>
            <StrtNm>Koenigsstrasse 45</StrtNm>
            <PstCd>70173</PstCd>
            <TwnNm>Stuttgart</TwnNm>
            <Ctry>DE</Ctry>
          </PstlAdr>
        </Cdtr>
        <CdtrAcct>
          <Id>
            <IBAN>DE45600700100987654321</IBAN>
          </Id>
        </CdtrAcct>
        <Purp>
          <Cd>GDDS</Cd>
        </Purp>
        <RmtInf>
          <Ustrd>Fashion collection order FC-2025-Winter</Ustrd>
        </RmtInf>
      </CdtTrfTxInf>
    </PmtInf>
    <PmtInf>
      <PmtInfId>PMTINF-SEPA-004</PmtInfId>
      <PmtMtd>TRF</PmtMtd>
      <BtchBookg>false</BtchBookg>
      <ReqdExctnDt>
        <Dt>2025-12-29</Dt>
      </ReqdExctnDt>
      <PmtTpInf>
        <InstrPrty>NORM</InstrPrty>
        <SvcLvl>
          <Cd>SEPA</Cd>
        </SvcLvl>
        <LclInstrm>
          <Cd>CORE</Cd>
        </LclInstrm>
        <CtgyPurp>
          <Cd>SALA</Cd>
        </CtgyPurp>
      </PmtTpInf>
      <Dbtr>
        <Nm>Spanish Consulting Group SL</Nm>
        <PstlAdr>
          <StrtNm>Paseo de la Castellana 100</StrtNm>
          <PstCd>28046</PstCd>
          <TwnNm>Madrid</TwnNm>
          <Ctry>ES</Ctry>
        </PstlAdr>
      </Dbtr>
      <DbtrAcct>
        <Id>
          <IBAN>ES9121000418450200051332</IBAN>
        </Id>
        <Ccy>EUR</Ccy>
      </DbtrAcct>
      <DbtrAgt>
        <FinInstnId>
          <BICFI>CABOROB2XXX</BICFI>
          <Nm>CaixaBank SA</Nm>
        </FinInstnId>
      </DbtrAgt>
      <ChrgBr>SLEV</ChrgBr>
      <CdtTrfTxInf>
        <PmtId>
          <InstrId>SEPA-INSTR-004</InstrId>
          <EndToEndId>SEPA-E2E-004</EndToEndId>
        </PmtId>
        <Amt>
          <InstdAmt Ccy="EUR">6250.00</InstdAmt>
        </Amt>
        <CdtrAgt>
          <FinInstnId>
            <BICFI>BABOROB2XXX</BICFI>
            <Nm>Banco Santander Totta SA</Nm>
          </FinInstnId>
        </CdtrAgt>
        <Cdtr>
          <Nm>Portuguese Tech Consultants Lda</Nm>
          <PstlAdr>
            <StrtNm>Avenida da Liberdade 200</StrtNm>
            <PstCd>1250-147</PstCd>
            <TwnNm>Lisbon</TwnNm>
            <Ctry>PT</Ctry>
          </PstlAdr>
        </Cdtr>
        <CdtrAcct>
          <Id>
            <IBAN>PT50000201231234567890154</IBAN>
          </Id>
        </CdtrAcct>
        <Purp>
          <Cd>SALA</Cd>
        </Purp>
        <RmtInf>
          <Ustrd>Contractor payment December 2025</Ustrd>
        </RmtInf>
      </CdtTrfTxInf>
    </PmtInf>
    <PmtInf>
      <PmtInfId>PMTINF-SEPA-005</PmtInfId>
      <PmtMtd>TRF</PmtMtd>
      <BtchBookg>false</BtchBookg>
      <ReqdExctnDt>
        <Dt>2025-12-30</Dt>
      </ReqdExctnDt>
      <PmtTpInf>
        <InstrPrty>HIGH</InstrPrty>
        <SvcLvl>
          <Cd>SEPA</Cd>
        </SvcLvl>
        <LclInstrm>
          <Cd>CORE</Cd>
        </LclInstrm>
        <CtgyPurp>
          <Cd>INVS</Cd>
        </CtgyPurp>
      </PmtTpInf>
      <Dbtr>
        <Nm>Belgian Investment Fund NV</Nm>
        <PstlAdr>
          <StrtNm>Avenue Louise 250</StrtNm>
          <PstCd>1050</PstCd>
          <TwnNm>Brussels</TwnNm>
          <Ctry>BE</Ctry>
        </PstlAdr>
      </Dbtr>
      <DbtrAcct>
        <Id>
          <IBAN>BE68539007547034</IBAN>
        </Id>
        <Ccy>EUR</Ccy>
      </DbtrAcct>
      <DbtrAgt>
        <FinInstnId>
          <BICFI>KREDBEBB</BICFI>
          <Nm>KBC Bank NV</Nm>
        </FinInstnId>
      </DbtrAgt>
      <ChrgBr>SLEV</ChrgBr>
      <CdtTrfTxInf>
        <PmtId>
          <InstrId>SEPA-INSTR-005</InstrId>
          <EndToEndId>SEPA-E2E-005</EndToEndId>
        </PmtId>
        <Amt>
          <InstdAmt Ccy="EUR">10000.00</InstdAmt>
        </Amt>
        <CdtrAgt>
          <FinInstnId>
            <BICFI>INGBNL2AXXX</BICFI>
            <Nm>ING Bank NV</Nm>
          </FinInstnId>
        </CdtrAgt>
        <Cdtr>
          <Nm>Luxembourg Asset Management SA</Nm>
          <PstlAdr>
            <StrtNm>Boulevard Royal 26</StrtNm>
            <PstCd>L-2449</PstCd>
            <TwnNm>Luxembourg</TwnNm>
            <Ctry>LU</Ctry>
          </PstlAdr>
        </Cdtr>
        <CdtrAcct>
          <Id>
            <IBAN>LU280019400644750000</IBAN>
          </Id>
        </CdtrAcct>
        <Purp>
          <Cd>INVS</Cd>
        </Purp>
        <RmtInf>
          <Ustrd>Fund investment Q4 2025 allocation</Ustrd>
        </RmtInf>
      </CdtTrfTxInf>
    </PmtInf>
  </CstmrCdtTrfInitn>
</Document>
