<?xml version="1.0" encoding="UTF-8"?>
<Document xmlns="urn:iso:std:iso:20022:tech:xsd:pain.001.001.09">
  <CstmrCdtTrfInitn>
    <GrpHdr>
      <MsgId>MSG-2024-001-TEST</MsgId>
      <CreDtTm>2024-01-15T10:30:00</CreDtTm>
      <NbOfTxs>2</NbOfTxs>
      <CtrlSum>15500.00</CtrlSum>
      <InitgPty>
        <Nm>ACME Corporation</Nm>
        <Id>
          <OrgId>
            <LEI>529900T8BM49AURSDO55</LEI>
          </OrgId>
        </Id>
      </InitgPty>
    </GrpHdr>
    <PmtInf>
      <PmtInfId>PMT-INF-001</PmtInfId>
      <PmtMtd>TRF</PmtMtd>
      <NbOfTxs>2</NbOfTxs>
      <CtrlSum>15500.00</CtrlSum>
      <ReqdExctnDt>
        <Dt>2024-01-16</Dt>
      </ReqdExctnDt>
      <Dbtr>
        <Nm>ACME Corporation</Nm>
        <PstlAdr>
          <StrtNm>123 Business Park</StrtNm>
          <BldgNb>Suite 100</BldgNb>
          <PstCd>10001</PstCd>
          <TwnNm>New York</TwnNm>
          <Ctry>US</Ctry>
        </PstlAdr>
        <Id>
          <OrgId>
            <LEI>529900T8BM49AURSDO55</LEI>
          </OrgId>
        </Id>
      </Dbtr>
      <DbtrAcct>
        <Id>
          <IBAN>US12345678901234567890</IBAN>
        </Id>
        <Ccy>USD</Ccy>
      </DbtrAcct>
      <DbtrAgt>
        <FinInstnId>
          <BICFI>CHABORNY</BICFI>
          <Nm>Chase Bank</Nm>
        </FinInstnId>
      </DbtrAgt>
      <CdtTrfTxInf>
        <PmtId>
          <InstrId>INSTR-001</InstrId>
          <EndToEndId>E2E-2024-001</EndToEndId>
          <UETR>eb6305c9-1f7f-49de-aed0-16487c27b42d</UETR>
        </PmtId>
        <Amt>
          <InstdAmt Ccy="USD">10000.00</InstdAmt>
        </Amt>
        <ChrgBr>SHAR</ChrgBr>
        <CdtrAgt>
          <FinInstnId>
            <BICFI>BABORNYM</BICFI>
            <Nm>Bank of America</Nm>
          </FinInstnId>
        </CdtrAgt>
        <Cdtr>
          <Nm>Global Suppliers Inc</Nm>
          <PstlAdr>
            <StrtNm>456 Commerce Street</StrtNm>
            <TwnNm>Los Angeles</TwnNm>
            <Ctry>US</Ctry>
          </PstlAdr>
        </Cdtr>
        <CdtrAcct>
          <Id>
            <IBAN>US98765432109876543210</IBAN>
          </Id>
        </CdtrAcct>
        <Purp>
          <Cd>SUPP</Cd>
        </Purp>
        <RmtInf>
          <Ustrd>Invoice INV-2024-001 Payment for goods</Ustrd>
        </RmtInf>
      </CdtTrfTxInf>
      <CdtTrfTxInf>
        <PmtId>
          <InstrId>INSTR-002</InstrId>
          <EndToEndId>E2E-2024-002</EndToEndId>
          <UETR>a1b2c3d4-5e6f-7890-abcd-ef1234567890</UETR>
        </PmtId>
        <Amt>
          <InstdAmt Ccy="USD">5500.00</InstdAmt>
        </Amt>
        <ChrgBr>DEBT</ChrgBr>
        <CdtrAgt>
          <FinInstnId>
            <BICFI>CITIUS33</BICFI>
            <Nm>Citibank</Nm>
          </FinInstnId>
        </CdtrAgt>
        <Cdtr>
          <Nm>Tech Services LLC</Nm>
          <PstlAdr>
            <StrtNm>789 Tech Boulevard</StrtNm>
            <TwnNm>San Francisco</TwnNm>
            <Ctry>US</Ctry>
          </PstlAdr>
        </Cdtr>
        <CdtrAcct>
          <Id>
            <Othr>
              <Id>987654321</Id>
            </Othr>
          </Id>
        </CdtrAcct>
        <Purp>
          <Cd>SALA</Cd>
        </Purp>
        <RmtInf>
          <Ustrd>Consulting services January 2024</Ustrd>
        </RmtInf>
      </CdtTrfTxInf>
    </PmtInf>
  </CstmrCdtTrfInitn>
</Document>
